<record><header><identifier>oai:alma.41SLSP_UGE:991000042549705502</identifier><datestamp>2023-04-10T00:46:48Z</datestamp><setSpec>uge_bcen_RapidILL_BOOK</setSpec><setSpec>uge_aaca_RapidILL_BOOK</setSpec><setSpec>uge_abels_RapidILL_BOOK</setSpec><setSpec>uge_dbu_RapidILL_BOOK</setSpec><setSpec>uge_cmu_RapidILL_BOOK</setSpec><setSpec>uge_mail_RapidILL_BOOK</setSpec><setSpec>uge_abbat_RapidILL_BOOK</setSpec><setSpec>UNIGE_ALL</setSpec><setSpec>uge_aobs_RapidILL_BOOK</setSpec><setSpec>uge_acar_RapidILL_BOOK</setSpec></header><metadata>
<record xmlns="http://www.loc.gov/MARC21/slim" xmlns:xsi="http://www.w3.org/2001/XMLSchema-instance" xsi:schemaLocation="http://www.loc.gov/MARC21/slim http://www.loc.gov/standards/marcxml/schema/MARC21slim.xsd"><leader>01165nam a2200313 c 4500</leader><controlfield tag="001">991000042549705502</controlfield><controlfield tag="005">20230409191656.0</controlfield><controlfield tag="008">001026s1997    xxc||||| |||| 00| ||eng d</controlfield><datafield ind1=" " ind2=" " tag="020"><subfield code="a">0802080456</subfield></datafield><datafield ind1=" " ind2=" " tag="035"><subfield code="a">(swissbib)094096341-41slsp_network</subfield></datafield><datafield ind1=" " ind2=" " tag="035"><subfield code="a">094096341</subfield><subfield code="9">ExL</subfield></datafield><datafield ind1=" " ind2=" " tag="035"><subfield code="a">(RERO)R243332460-41slsp</subfield></datafield><datafield ind1=" " ind2=" " tag="035"><subfield code="a">(EXLNZ-41SLSP_NETWORK)991096527869705501</subfield></datafield><datafield ind1=" " ind2=" " tag="040"><subfield code="a">RERO geulan</subfield><subfield code="d">CH-ZuSLS</subfield></datafield><datafield ind1="0" ind2=" " tag="041"><subfield code="a">eng</subfield><subfield code="a">fre</subfield></datafield><datafield ind1=" " ind2="7" tag="072"><subfield code="a">an</subfield><subfield code="2">rero</subfield></datafield><datafield ind1="0" ind2="0" tag="245"><subfield code="a">Selections from English Wycliffite writings</subfield><subfield code="c">edited, with an introduction, notes, and glossary by Anne Hudson</subfield></datafield><datafield ind1=" " ind2="1" tag="264"><subfield code="a">Toronto</subfield><subfield code="a">Buffalo [etc.]</subfield><subfield code="b">University of Toronto Press</subfield><subfield code="b">in ass. with the Medieval Academy of America</subfield><subfield code="c">[1997]</subfield></datafield><datafield ind1=" " ind2="4" tag="264"><subfield code="c">© 1997</subfield></datafield><datafield ind1=" " ind2=" " tag="300"><subfield code="a">X, 235 p.</subfield><subfield code="c">23 cm</subfield></datafield><datafield ind1=" " ind2=" " tag="336"><subfield code="b">txt</subfield><subfield code="2">rdacontent</subfield></datafield><datafield ind1=" " ind2=" " tag="337"><subfield code="b">n</subfield><subfield code="2">rdamedia</subfield></datafield><datafield ind1=" " ind2=" " tag="338"><subfield code="b">nc</subfield><subfield code="2">rdacarrier</subfield></datafield><datafield ind1="1" ind2=" " tag="490"><subfield code="a">Medieval Academy reprints for teaching</subfield><subfield code="v">38</subfield></datafield><datafield ind1=" " ind2="7" tag="650"><subfield code="a">Lollards</subfield><subfield code="0">(IDREF)027434737</subfield><subfield code="2">idref</subfield></datafield><datafield ind1=" " ind2="7" tag="651"><subfield code="a">Angleterre (GB)</subfield><subfield code="0">(IDREF)02735895X</subfield><subfield code="2">idref</subfield></datafield><datafield ind1=" " ind2="7" tag="655"><subfield code="a">[document]</subfield><subfield code="2">rerovoc</subfield><subfield code="0">(RERO)A010182398</subfield></datafield><datafield ind1="1" ind2=" " tag="700"><subfield code="a">Hudson, Anne</subfield><subfield code="d">1938-....</subfield><subfield code="0">(IDREF)028758463</subfield></datafield><datafield ind1=" " ind2=" " tag="830"><subfield code="a">Medieval Academy Reprints for Teaching</subfield><subfield code="v">38</subfield><subfield code="w">(RERO)0402077-41slsp</subfield></datafield><datafield ind1=" " ind2=" " tag="900"><subfield code="a">REROnoselfmerge</subfield></datafield></record>
</metadata></record>