<record><header><identifier>oai:alma.41SLSP_UGE:991000043069705502</identifier><datestamp>2024-04-11T00:20:18Z</datestamp><setSpec>uge_bcen_RapidILL_BOOK</setSpec><setSpec>uge_aaca_RapidILL_BOOK</setSpec><setSpec>uge_abels_RapidILL_BOOK</setSpec><setSpec>uge_dbu_RapidILL_BOOK</setSpec><setSpec>uge_cmu_RapidILL_BOOK</setSpec><setSpec>uge_mail_RapidILL_BOOK</setSpec><setSpec>uge_abbat_RapidILL_BOOK</setSpec><setSpec>UNIGE_ALL</setSpec><setSpec>uge_aobs_RapidILL_BOOK</setSpec><setSpec>uge_acar_RapidILL_BOOK</setSpec></header><metadata>
<record xmlns="http://www.loc.gov/MARC21/slim" xmlns:xsi="http://www.w3.org/2001/XMLSchema-instance" xsi:schemaLocation="http://www.loc.gov/MARC21/slim http://www.loc.gov/standards/marcxml/schema/MARC21slim.xsd"><leader>04164nam a2200877 c 4500</leader><controlfield tag="001">991000043069705502</controlfield><controlfield tag="005">20240410143003.0</controlfield><controlfield tag="008">201012s2009    gw            00| | eng|d</controlfield><datafield ind1=" " ind2=" " tag="015"><subfield code="a">GFR-CIP-09,N07,1090</subfield><subfield code="a">DNB-09,A14,0595</subfield></datafield><datafield ind1="7" ind2=" " tag="016"><subfield code="a">992287839</subfield><subfield code="2">GyFmDB</subfield></datafield><datafield ind1=" " ind2=" " tag="020"><subfield code="a">9783866530973</subfield><subfield code="q">pbk.</subfield><subfield code="c">EUR 14.90</subfield></datafield><datafield ind1=" " ind2=" " tag="035"><subfield code="a">(swissbib)240488415-41slsp_network</subfield></datafield><datafield ind1=" " ind2=" " tag="035"><subfield code="a">240488415</subfield><subfield code="9">ExL</subfield></datafield><datafield ind1=" " ind2=" " tag="035"><subfield code="a">(NEBIS)005796349EBI01</subfield></datafield><datafield ind1=" " ind2=" " tag="035"><subfield code="a">(IDSLU)000602344ILU01</subfield></datafield><datafield ind1=" " ind2=" " tag="035"><subfield code="a">(IDSSG)000484003HSB01</subfield></datafield><datafield ind1=" " ind2=" " tag="035"><subfield code="a">(IDSBB)004821278DSV01</subfield></datafield><datafield ind1=" " ind2=" " tag="035"><subfield code="a">(RERO)R005167180-41slsp</subfield></datafield><datafield ind1=" " ind2=" " tag="035"><subfield code="a">(EXLNZ-41SLSP_NETWORK)991112568259705501</subfield></datafield><datafield ind1=" " ind2=" " tag="040"><subfield code="a">DDB</subfield><subfield code="d">CH-ZuSLS</subfield></datafield><datafield ind1=" " ind2="7" tag="072"><subfield code="a">812</subfield><subfield code="2">IDS LU</subfield></datafield><datafield ind1=" " ind2="7" tag="072"><subfield code="a">rw</subfield><subfield code="2">SzZuIDS BS/BE</subfield></datafield><datafield ind1=" " ind2="7" tag="072"><subfield code="a">dr</subfield><subfield code="2">rero</subfield></datafield><datafield ind1="0" ind2="4" tag="082"><subfield code="a">346.24</subfield><subfield code="2">22/ger</subfield></datafield><datafield ind1="0" ind2="4" tag="082"><subfield code="a">346.402</subfield><subfield code="2">22</subfield></datafield><datafield ind1="1" ind2="4" tag="082"><subfield code="a">340</subfield><subfield code="2">15</subfield></datafield><datafield ind1=" " ind2=" " tag="084"><subfield code="a">PS 3730</subfield><subfield code="2">rvk</subfield></datafield><datafield ind1=" " ind2=" " tag="084"><subfield code="a">A 72 g</subfield><subfield code="2">cjurrom</subfield></datafield><datafield ind1=" " ind2=" " tag="084"><subfield code="a">CA/CE 63 g</subfield><subfield code="2">cjurrom</subfield></datafield><datafield ind1=" " ind2=" " tag="084"><subfield code="a">CA/CE 72 g</subfield><subfield code="2">cjurrom</subfield></datafield><datafield ind1=" " ind2=" " tag="084"><subfield code="a">FA 69 g</subfield><subfield code="2">cjurrom</subfield></datafield><datafield ind1="0" ind2="0" tag="245"><subfield code="a">Principles, definitions and model rules of European private law</subfield><subfield code="b">Draft Common Frame of Reference (DCFR)</subfield><subfield code="c">prepared by the Study Group on a European Civil Code and the Research Group on EC Private Law (Acquis Group) ; ed. by Christian von Bar</subfield></datafield><datafield ind1="1" ind2="3" tag="246"><subfield code="a">Draft Common Frame of Reference</subfield></datafield><datafield ind1=" " ind2=" " tag="250"><subfield code="a">Outline edition</subfield></datafield><datafield ind1=" " ind2="1" tag="264"><subfield code="a">Munich</subfield><subfield code="b">Sellier, European Law Publ.</subfield><subfield code="c">2009</subfield></datafield><datafield ind1=" " ind2=" " tag="300"><subfield code="a">642 S.</subfield><subfield code="b">Ill.</subfield><subfield code="c">20 cm</subfield></datafield><datafield ind1=" " ind2=" " tag="336"><subfield code="b">txt</subfield><subfield code="2">rdacontent</subfield></datafield><datafield ind1=" " ind2=" " tag="337"><subfield code="b">n</subfield><subfield code="2">rdamedia</subfield></datafield><datafield ind1=" " ind2=" " tag="338"><subfield code="b">nc</subfield><subfield code="2">rdacarrier</subfield></datafield><datafield ind1=" " ind2=" " tag="500"><subfield code="a">Based in part on a rev. version of the &quot;Principles of European contract law&quot;</subfield></datafield><datafield ind1="2" ind2="7" tag="610"><subfield code="a">Europäische Union</subfield><subfield code="2">idszbz</subfield></datafield><datafield ind1="2" ind2="7" tag="610"><subfield code="a">Europäische Union</subfield><subfield code="0">(DE-588)5098525-5</subfield><subfield code="2">gnd</subfield></datafield><datafield ind1="2" ind2="7" tag="610"><subfield code="a">Union européenne</subfield><subfield code="0">(IDREF)032486324</subfield><subfield code="2">idref</subfield></datafield><datafield ind1=" " ind2="7" tag="650"><subfield code="a">Entwurf</subfield><subfield code="2">idszbz</subfield></datafield><datafield ind1=" " ind2="7" tag="650"><subfield code="a">Privatrecht</subfield><subfield code="2">idszbz</subfield></datafield><datafield ind1=" " ind2="7" tag="650"><subfield code="a">Rechtsvereinheitlichung</subfield><subfield code="2">idszbz</subfield></datafield><datafield ind1=" " ind2="0" tag="650"><subfield code="a">Civil law</subfield><subfield code="z">Europe</subfield></datafield><datafield ind1=" " ind2="0" tag="650"><subfield code="a">Contracts</subfield><subfield code="z">European Union countries</subfield></datafield><datafield ind1=" " ind2="0" tag="650"><subfield code="a">Juristic acts</subfield><subfield code="z">European Union countries</subfield></datafield><datafield ind1=" " ind2="0" tag="650"><subfield code="a">Law</subfield><subfield code="z">Europe</subfield><subfield code="x">International unification</subfield></datafield><datafield ind1=" " ind2="0" tag="650"><subfield code="a">Obligations (Law)</subfield><subfield code="z">European Union countries</subfield></datafield><datafield ind1=" " ind2="7" tag="650"><subfield code="a">Gemeinschaftlicher Besitzstand</subfield><subfield code="0">(DE-588)7573748-6</subfield><subfield code="2">gnd</subfield></datafield><datafield ind1=" " ind2="7" tag="650"><subfield code="a">Gesetzentwurf</subfield><subfield code="0">(DE-588)4157094-7</subfield><subfield code="2">gnd</subfield></datafield><datafield ind1=" " ind2="7" tag="650"><subfield code="a">Rechtsvereinheitlichung</subfield><subfield code="0">(DE-588)4048849-4</subfield><subfield code="2">gnd</subfield></datafield><datafield ind1=" " ind2="7" tag="650"><subfield code="a">Privatrecht</subfield><subfield code="0">(DE-588)4047304-1</subfield><subfield code="2">gnd</subfield></datafield><datafield ind1=" " ind2="7" tag="650"><subfield code="a">Zivilrecht</subfield><subfield code="z">Europa</subfield><subfield code="2">idsbb</subfield></datafield><datafield ind1=" " ind2="7" tag="650"><subfield code="a">Zivilrecht</subfield><subfield code="z">Europa</subfield><subfield code="v">Quelle</subfield><subfield code="2">idsbb</subfield></datafield><datafield ind1=" " ind2="7" tag="650"><subfield code="a">droit privé - harmonisation</subfield><subfield code="0">(RERO)A010075860</subfield><subfield code="2">rerovoc</subfield></datafield><datafield ind1=" " ind2="7" tag="650"><subfield code="a">Droit européen</subfield><subfield code="0">(IDREF)027467171</subfield><subfield code="2">idref</subfield></datafield><datafield ind1=" " ind2="7" tag="655"><subfield code="a">Quelle</subfield><subfield code="2">gnd-content</subfield></datafield><datafield ind1=" " ind2=" " tag="690"><subfield code="a">Model rule ; Private Law ; Contract law ; Judicial subject ; Research ; Contract ; Framing ; Frame ; Frames ; Booking ; Destination ; Derivation ; Funder ; Obligation ; Research group ; Security right ; Civil Code ; EC ; Base part ; Version ; Acquisition ; Data table ; Provision ; Publisher ; Legal liability ; Ownership ; Intervention ; Asset</subfield><subfield code="2">idssg-J</subfield></datafield><datafield ind1=" " ind2=" " tag="690"><subfield code="a">Christian von; juridical acts; corresponding rights; Unjustified enrichment</subfield><subfield code="2">idssg-J</subfield></datafield><datafield ind1=" " ind2=" " tag="690"><subfield code="a">Hans; Schulte; Nolke; Matthias; Storme; Fryderyk; Zoll; sellier</subfield><subfield code="2">idssg-J</subfield></datafield><datafield ind1=" " ind2=" " tag="691"><subfield code="e">PF 63</subfield><subfield code="2">rzs-L1</subfield></datafield><datafield ind1=" " ind2=" " tag="691"><subfield code="e">PF 72</subfield><subfield code="2">rzs-L1</subfield></datafield><datafield ind1="1" ind2=" " tag="700"><subfield code="6">880-02</subfield><subfield code="a">Bar, Christian &lt;&lt;von&gt;&gt;</subfield><subfield code="d">1952-</subfield><subfield code="0">(DE-588)120816326</subfield></datafield><datafield ind1="1" ind2=" " tag="880"><subfield code="6">700-02</subfield><subfield code="a">Bar, Christian von</subfield><subfield code="d">1952-....</subfield><subfield code="0">(IDREF)031584381</subfield></datafield><datafield ind1="2" ind2=" " tag="710"><subfield code="a">European Research Group on the Existing EC Private Law</subfield><subfield code="0">(DE-588)6517304-1</subfield></datafield><datafield ind1="2" ind2=" " tag="710"><subfield code="6">880-04</subfield><subfield code="a">Study Group on a European Civil Code</subfield><subfield code="0">(DE-588)16035627-1</subfield></datafield><datafield ind1="2" ind2=" " tag="880"><subfield code="6">710-04</subfield><subfield code="a">Study group on a European Civil Code</subfield><subfield code="0">(IDREF)126185050</subfield></datafield><datafield ind1="4" ind2=" " tag="856"><subfield code="3">Titelblatt und Inhaltsverzeichnis</subfield><subfield code="u">https://toc.library.ethz.ch/objects/pdf/z01_978-3-86653-097-3_01.pdf</subfield><subfield code="q">pdf</subfield></datafield><datafield ind1="4" ind2="2" tag="856"><subfield code="u">https://deposit.dnb.de/cgi-bin/dokserv?id=3231821&amp;prov=M&amp;dok_var=1&amp;dok_ext=htm</subfield><subfield code="z">Inhaltstext</subfield></datafield><datafield ind1=" " ind2=" " tag="900"><subfield code="a">IDSZ2zbzmon200906f</subfield><subfield code="c">IDSZ2tres</subfield><subfield code="d">IDSZ2zbzswk200907b</subfield><subfield code="e">IDSZ2bruu</subfield></datafield><datafield ind1=" " ind2=" " tag="900"><subfield code="a">IDSZ2rwimon200908l</subfield><subfield code="c">IDSZ2buche</subfield><subfield code="d">IDSZ2rwiswk200909u</subfield></datafield><datafield ind1=" " ind2=" " tag="900"><subfield code="a">REROnoselfmerge</subfield></datafield><datafield ind1=" " ind2=" " tag="949"><subfield code="a">https://toc.library.ethz.ch/objects/pdf/z01_978-3-86653-097-3_01.pdf</subfield></datafield><datafield ind1=" " ind2=" " tag="949"><subfield code="a">https://deposit.dnb.de/cgi-bin/dokserv?id=3231821&amp;prov=M&amp;dok_var=1&amp;dok_ext=htm</subfield></datafield></record>
</metadata></record>