<record><header><identifier>oai:alma.41SLSP_UGE:991000042969705502</identifier><datestamp>2023-03-01T01:08:48Z</datestamp><setSpec>uge_bcen_RapidILL_BOOK</setSpec><setSpec>uge_aaca_RapidILL_BOOK</setSpec><setSpec>uge_abels_RapidILL_BOOK</setSpec><setSpec>uge_dbu_RapidILL_BOOK</setSpec><setSpec>uge_cmu_RapidILL_BOOK</setSpec><setSpec>uge_mail_RapidILL_BOOK</setSpec><setSpec>UNIGE_ALL</setSpec><setSpec>uge_abbat_RapidILL_BOOK</setSpec><setSpec>uge_aobs_RapidILL_BOOK</setSpec><setSpec>uge_acar_RapidILL_BOOK</setSpec></header><metadata>
<record xmlns="http://www.loc.gov/MARC21/slim" xmlns:xsi="http://www.w3.org/2001/XMLSchema-instance" xsi:schemaLocation="http://www.loc.gov/MARC21/slim http://www.loc.gov/standards/marcxml/schema/MARC21slim.xsd"><leader>01878nam a2200457 c 4500</leader><controlfield tag="001">991000042969705502</controlfield><controlfield tag="005">20201231132630.0</controlfield><controlfield tag="008">201012s1991    xxu||||| |||| 00| ||eng d</controlfield><datafield ind1=" " ind2=" " tag="020"><subfield code="a">0939950316</subfield></datafield><datafield ind1=" " ind2=" " tag="035"><subfield code="a">(swissbib)239722450-41slsp_network</subfield></datafield><datafield ind1=" " ind2=" " tag="035"><subfield code="a">239722450</subfield><subfield code="9">ExL</subfield></datafield><datafield ind1=" " ind2=" " tag="035"><subfield code="a">(RERO)1491919-41slsp</subfield></datafield><datafield ind1=" " ind2=" " tag="035"><subfield code="a">(IDSBB)000788321DSV01</subfield></datafield><datafield ind1=" " ind2=" " tag="035"><subfield code="a">(NEBIS)000613621EBI01</subfield></datafield><datafield ind1=" " ind2=" " tag="035"><subfield code="a">(EXLNZ-41SLSP_NETWORK)991094606789705501</subfield></datafield><datafield ind1=" " ind2=" " tag="040"><subfield code="a">RERO neus--</subfield><subfield code="d">CH-ZuSLS</subfield></datafield><datafield ind1=" " ind2="7" tag="072"><subfield code="a">st</subfield><subfield code="2">rero</subfield></datafield><datafield ind1=" " ind2="7" tag="072"><subfield code="a">ge</subfield><subfield code="2">SzZuIDS BS/BE</subfield></datafield><datafield ind1=" " ind2=" " tag="084"><subfield code="a">UQ 6000</subfield><subfield code="2">rvk</subfield></datafield><datafield ind1=" " ind2=" " tag="084"><subfield code="a">UQ 6100</subfield><subfield code="2">rvk</subfield></datafield><datafield ind1="0" ind2="0" tag="245"><subfield code="a">Contact metamorphism</subfield><subfield code="c">ed. Derrill M. Kerrick</subfield></datafield><datafield ind1=" " ind2="1" tag="264"><subfield code="a">Washington</subfield><subfield code="b">Mineralogical Society of America</subfield><subfield code="c">1991</subfield></datafield><datafield ind1=" " ind2=" " tag="300"><subfield code="a">XVI, 847 p.</subfield><subfield code="b">ill.</subfield><subfield code="c">23 cm</subfield></datafield><datafield ind1=" " ind2=" " tag="336"><subfield code="b">txt</subfield><subfield code="2">rdacontent</subfield></datafield><datafield ind1=" " ind2=" " tag="337"><subfield code="b">n</subfield><subfield code="2">rdamedia</subfield></datafield><datafield ind1=" " ind2=" " tag="338"><subfield code="b">nc</subfield><subfield code="2">rdacarrier</subfield></datafield><datafield ind1="1" ind2=" " tag="490"><subfield code="a">Reviews in mineralogy</subfield><subfield code="v">26</subfield></datafield><datafield ind1=" " ind2=" " tag="500"><subfield code="a">&quot;... Short Course on Contact Metamorphism, October 17 - 19, 1991, at the Pala Mesa Resort, Fallbrook, California ...&quot;</subfield></datafield><datafield ind1=" " ind2=" " tag="504"><subfield code="a">Bibliogr.</subfield></datafield><datafield ind1=" " ind2="7" tag="650"><subfield code="a">FLUIDE IN ERDKRUSTENPROZESSEN (PETROGRAPHIE)</subfield><subfield code="9">ger</subfield><subfield code="0">(ETHUDK)000045880</subfield><subfield code="2">ethudk</subfield></datafield><datafield ind1=" " ind2="7" tag="650"><subfield code="a">KONTAKTMETAMORPHOSE + INJEKTIONSMETAMORPHOSE (PETROGRAPHIE)</subfield><subfield code="9">ger</subfield><subfield code="0">(ETHUDK)000020535</subfield><subfield code="2">ethudk</subfield></datafield><datafield ind1=" " ind2="7" tag="650"><subfield code="a">METASOMATOSE (PETROGRAPHIE)</subfield><subfield code="9">ger</subfield><subfield code="0">(ETHUDK)000042592</subfield><subfield code="2">ethudk</subfield></datafield><datafield ind1=" " ind2="7" tag="655"><subfield code="a">Konferenzschrift</subfield><subfield code="z">Fallbrook, Calif.</subfield><subfield code="y">1991</subfield><subfield code="2">gnd-content</subfield></datafield><datafield ind1=" " ind2="7" tag="655"><subfield code="a">Konferenzschrift</subfield><subfield code="z">Fallbrook (CA)</subfield><subfield code="y">1991/10</subfield><subfield code="2">gnd-content</subfield></datafield><datafield ind1="1" ind2=" " tag="700"><subfield code="a">Barton, Mark D.</subfield></datafield><datafield ind1="1" ind2=" " tag="700"><subfield code="a">Kerrick, Derrill M</subfield><subfield code="0">(IDREF)031773729</subfield></datafield><datafield ind1="2" ind2=" " tag="710"><subfield code="a">Mineralogical Society of America</subfield><subfield code="0">(IDREF)032195095</subfield></datafield><datafield ind1="2" ind2=" " tag="711"><subfield code="a">Short Course on Contact Metamorphism</subfield><subfield code="0">(DE-588)1091694567</subfield></datafield><datafield ind1="2" ind2=" " tag="711"><subfield code="a">Short Course on Contact Metamorphism</subfield><subfield code="d">1991</subfield><subfield code="c">Fallbrook, CA</subfield><subfield code="0">(DE-588)1091267553</subfield></datafield><datafield ind1=" " ind2=" " tag="830"><subfield code="a">Reviews in mineralogy</subfield><subfield code="v">26</subfield><subfield code="w">(NEBIS)000032455EBI01</subfield></datafield><datafield ind1=" " ind2=" " tag="830"><subfield code="a">Reviews in mineralogy</subfield><subfield code="v">26</subfield><subfield code="w">(IDSBB)000002993DSV01</subfield></datafield><datafield ind1=" " ind2=" " tag="900"><subfield code="a">REROnoselfmerge</subfield></datafield></record>
</metadata></record>