<record><header><identifier>oai:alma.41SLSP_UGE:991000042239705502</identifier><datestamp>2023-06-28T00:12:33Z</datestamp><setSpec>UNIGE_ALL</setSpec></header><metadata>
<record xmlns="http://www.loc.gov/MARC21/slim" xmlns:xsi="http://www.w3.org/2001/XMLSchema-instance" xsi:schemaLocation="http://www.loc.gov/MARC21/slim http://www.loc.gov/standards/marcxml/schema/MARC21slim.xsd"><leader>01041njm a22002897c 4500</leader><controlfield tag="001">991000042239705502</controlfield><controlfield tag="005">20201222230705.0</controlfield><controlfield tag="007">sd b||||||||||</controlfield><controlfield tag="008">110122nuuuuuuuuxx ||n |            fre d</controlfield><datafield ind1="0" ind2="2" tag="028"><subfield code="a">EMI C 165-109875/7</subfield></datafield><datafield ind1=" " ind2=" " tag="035"><subfield code="a">(swissbib)113538901-41slsp_network</subfield></datafield><datafield ind1=" " ind2=" " tag="035"><subfield code="a">113538901</subfield><subfield code="9">ExL</subfield></datafield><datafield ind1=" " ind2=" " tag="035"><subfield code="a">(RERO)R006018700-41slsp</subfield></datafield><datafield ind1=" " ind2=" " tag="035"><subfield code="a">(EXLNZ-41SLSP_NETWORK)991130734859705501</subfield></datafield><datafield ind1=" " ind2=" " tag="040"><subfield code="a">RERO geulmu</subfield><subfield code="d">CH-ZuSLS</subfield></datafield><datafield ind1=" " ind2="7" tag="072"><subfield code="a">mu</subfield><subfield code="2">rero</subfield></datafield><datafield ind1="1" ind2=" " tag="100"><subfield code="a">Delibes, Léo</subfield><subfield code="d">1836-1891</subfield><subfield code="0">(IDREF)032077955</subfield><subfield code="4">cre</subfield></datafield><datafield ind1="1" ind2="0" tag="245"><subfield code="a">Lakmé</subfield><subfield code="b">Opéra en trois actes</subfield><subfield code="c">Clément Philibert Léo Delibes</subfield></datafield><datafield ind1=" " ind2="1" tag="264"><subfield code="a">[Lieu de publication non identifié]</subfield><subfield code="b">[éditeur non identifié]</subfield><subfield code="c">[date de publication non identifiée]</subfield></datafield><datafield ind1=" " ind2=" " tag="300"><subfield code="a">3 disques sonores</subfield><subfield code="b">33 t.</subfield></datafield><datafield ind1=" " ind2=" " tag="336"><subfield code="b">prm</subfield><subfield code="2">rdacontent</subfield></datafield><datafield ind1=" " ind2=" " tag="337"><subfield code="b">s</subfield><subfield code="2">rdamedia</subfield></datafield><datafield ind1=" " ind2=" " tag="338"><subfield code="b">sd</subfield><subfield code="2">rdacarrier</subfield></datafield><datafield ind1="0" ind2=" " tag="490"><subfield code="a">LA voix desoin maître</subfield></datafield><datafield ind1="1" ind2=" " tag="700"><subfield code="a">Lombard, Alain</subfield><subfield code="d">1940-....</subfield><subfield code="0">(IDREF)075986132</subfield></datafield><datafield ind1="1" ind2=" " tag="700"><subfield code="a">Mesplé, Mady</subfield><subfield code="0">(RERO)A003586984</subfield></datafield><datafield ind1="2" ind2=" " tag="710"><subfield code="a">Théâtre National de L'Opéra-Comique</subfield><subfield code="g">Paris</subfield><subfield code="b">Orchestre</subfield><subfield code="g">1898-1972</subfield><subfield code="0">(IDREF)080853420</subfield></datafield><datafield ind1=" " ind2=" " tag="900"><subfield code="a">REROnoselfmerge</subfield></datafield><datafield ind1=" " ind2=" " tag="960"><subfield code="2">matmu</subfield><subfield code="a">France ; XIXeme ; romantisme ; opéra</subfield><subfield code="9">LOCAL</subfield></datafield></record>
</metadata></record>