<record><header><identifier>oai:alma.41SLSP_UGE:991000042439705502</identifier><datestamp>2023-06-29T00:13:16Z</datestamp><setSpec>uge_bcen_RapidILL_BOOK</setSpec><setSpec>uge_aaca_RapidILL_BOOK</setSpec><setSpec>uge_abels_RapidILL_BOOK</setSpec><setSpec>uge_dbu_RapidILL_BOOK</setSpec><setSpec>uge_cmu_RapidILL_BOOK</setSpec><setSpec>uge_mail_RapidILL_BOOK</setSpec><setSpec>uge_abbat_RapidILL_BOOK</setSpec><setSpec>UNIGE_ALL</setSpec><setSpec>uge_acar_RapidILL_BOOK</setSpec><setSpec>uge_aobs_RapidILL_BOOK</setSpec></header><metadata>
<record xmlns="http://www.loc.gov/MARC21/slim" xmlns:xsi="http://www.w3.org/2001/XMLSchema-instance" xsi:schemaLocation="http://www.loc.gov/MARC21/slim http://www.loc.gov/standards/marcxml/schema/MARC21slim.xsd"><leader>01325nam a2200277 c 4500</leader><controlfield tag="001">991000042439705502</controlfield><controlfield tag="005">20201225181121.0</controlfield><controlfield tag="008">000725s1968    xxu||||| |||| 00| ||eng d</controlfield><datafield ind1=" " ind2=" " tag="035"><subfield code="a">(swissbib)088539415-41slsp_network</subfield></datafield><datafield ind1=" " ind2=" " tag="035"><subfield code="a">088539415</subfield><subfield code="9">ExL</subfield></datafield><datafield ind1=" " ind2=" " tag="035"><subfield code="a">(RERO)1824458-41slsp</subfield></datafield><datafield ind1=" " ind2=" " tag="035"><subfield code="a">(EXLNZ-41SLSP_NETWORK)991022330669705501</subfield></datafield><datafield ind1=" " ind2=" " tag="040"><subfield code="a">RERO geudbu</subfield><subfield code="d">CH-ZuSLS</subfield></datafield><datafield ind1=" " ind2="7" tag="072"><subfield code="a">me</subfield><subfield code="2">rero</subfield></datafield><datafield ind1="0" ind2="0" tag="245"><subfield code="a">Development of the brief test of literacy</subfield><subfield code="b">a description of the development of a new test of literacy capable...</subfield><subfield code="c">U.S. Department of Health, Education, and Welfare, Public Health Service</subfield></datafield><datafield ind1=" " ind2="1" tag="264"><subfield code="a">Washington D.C.</subfield><subfield code="b">U.S. Government Printing Office</subfield><subfield code="c">1968</subfield></datafield><datafield ind1=" " ind2=" " tag="300"><subfield code="a">VI, 29 p.</subfield><subfield code="b">ill.</subfield><subfield code="c">26 cm</subfield></datafield><datafield ind1=" " ind2=" " tag="336"><subfield code="b">txt</subfield><subfield code="2">rdacontent</subfield></datafield><datafield ind1=" " ind2=" " tag="337"><subfield code="b">n</subfield><subfield code="2">rdamedia</subfield></datafield><datafield ind1=" " ind2=" " tag="338"><subfield code="b">nc</subfield><subfield code="2">rdacarrier</subfield></datafield><datafield ind1="1" ind2=" " tag="490"><subfield code="a">Vital and health statistics. Series 2, Data evaluation and methods research</subfield><subfield code="v">n⁰ 27</subfield></datafield><datafield ind1="1" ind2=" " tag="490"><subfield code="a">Public health service publication, 1000. Série 2</subfield><subfield code="v">n⁰ 27</subfield></datafield><datafield ind1="2" ind2=" " tag="710"><subfield code="a">États-Unis</subfield><subfield code="b">Department of health, education and welfare</subfield><subfield code="g">1953-1979</subfield><subfield code="0">(IDREF)026488256</subfield></datafield><datafield ind1="2" ind2=" " tag="710"><subfield code="a">États-Unis</subfield><subfield code="b">Public Health Service</subfield><subfield code="0">(IDREF)029628865</subfield></datafield><datafield ind1=" " ind2=" " tag="830"><subfield code="a">Vital and health statistics</subfield><subfield code="n">Series 2</subfield><subfield code="p">Data evaluation and methods research</subfield><subfield code="v">27</subfield><subfield code="w">(RERO)1254239-41slsp</subfield></datafield><datafield ind1=" " ind2=" " tag="830"><subfield code="a">Public Health Service publication, 1000</subfield><subfield code="p">Série 2</subfield><subfield code="v">27</subfield><subfield code="w">(RERO)0665507-41slsp</subfield></datafield><datafield ind1=" " ind2=" " tag="900"><subfield code="a">REROnoselfmerge</subfield></datafield></record>
</metadata></record>