<record><header><identifier>oai:alma.41SLSP_UGE:991000042459705502</identifier><datestamp>2024-05-20T00:08:57Z</datestamp><setSpec>uge_bcen_RapidILL_BOOK</setSpec><setSpec>uge_aaca_RapidILL_BOOK</setSpec><setSpec>uge_abels_RapidILL_BOOK</setSpec><setSpec>uge_dbu_RapidILL_BOOK</setSpec><setSpec>uge_cmu_RapidILL_BOOK</setSpec><setSpec>uge_mail_RapidILL_BOOK</setSpec><setSpec>uge_abbat_RapidILL_BOOK</setSpec><setSpec>UNIGE_ALL</setSpec><setSpec>uge_aobs_RapidILL_BOOK</setSpec><setSpec>uge_acar_RapidILL_BOOK</setSpec></header><metadata>
<record xmlns="http://www.loc.gov/MARC21/slim" xmlns:xsi="http://www.w3.org/2001/XMLSchema-instance" xsi:schemaLocation="http://www.loc.gov/MARC21/slim http://www.loc.gov/standards/marcxml/schema/MARC21slim.xsd"><leader>02853nam a22006132c 4500</leader><controlfield tag="001">991000042459705502</controlfield><controlfield tag="005">20230727092703.0</controlfield><controlfield tag="008">201012s1977    sz       m    00| | ger d</controlfield><datafield ind1=" " ind2=" " tag="019"><subfield code="a">Datenimport aus BIBDIA ZB Solothurn</subfield><subfield code="5">IDSBB/09.01.2019/A150/bmt</subfield></datafield><datafield ind1=" " ind2=" " tag="020"><subfield code="a">3760833578</subfield></datafield><datafield ind1="7" ind2=" " tag="024"><subfield code="a">http://catalogue.bnf.fr/ark:/12148/cb354319394</subfield><subfield code="2">uri</subfield></datafield><datafield ind1=" " ind2=" " tag="035"><subfield code="a">(swissbib)234758449-41slsp_network</subfield></datafield><datafield ind1=" " ind2=" " tag="035"><subfield code="a">234758449</subfield><subfield code="9">ExL</subfield></datafield><datafield ind1=" " ind2=" " tag="035"><subfield code="a">(NEBIS)003107308EBI01</subfield></datafield><datafield ind1=" " ind2=" " tag="035"><subfield code="a">(RERO)1375310-41slsp</subfield></datafield><datafield ind1=" " ind2=" " tag="035"><subfield code="a">(IDSBB)000228695DSV01</subfield></datafield><datafield ind1=" " ind2=" " tag="035"><subfield code="a">(IDSBB)006892564DSV01</subfield></datafield><datafield ind1=" " ind2=" " tag="035"><subfield code="a">(EXLNZ-41SLSP_NETWORK)991155586609705501</subfield></datafield><datafield ind1=" " ind2=" " tag="040"><subfield code="a">SzZuIDS BS/BE A100</subfield><subfield code="d">CH-ZuSLS</subfield></datafield><datafield ind1=" " ind2="7" tag="072"><subfield code="a">al</subfield><subfield code="2">rero</subfield></datafield><datafield ind1=" " ind2="7" tag="072"><subfield code="a">da</subfield><subfield code="2">SzZuIDS BS/BE</subfield></datafield><datafield ind1="0" ind2="4" tag="082"><subfield code="a">831.2</subfield><subfield code="b">W798Zc</subfield></datafield><datafield ind1="1" ind2=" " tag="100"><subfield code="6">880-01</subfield><subfield code="a">Cormeau, Christoph</subfield><subfield code="d">1938-1996</subfield><subfield code="0">(DE-588)121070042</subfield></datafield><datafield ind1="1" ind2=" " tag="880"><subfield code="6">100-01</subfield><subfield code="a">Cormeau, Christoph</subfield><subfield code="d">1938-....</subfield><subfield code="0">(IDREF)032894988</subfield><subfield code="4">cre</subfield></datafield><datafield ind1="1" ind2="0" tag="245"><subfield code="a">&quot;Wigalois&quot; und &quot;Diu Crône&quot;</subfield><subfield code="b">zwei Kapitel zur Gattungsgeschichte des nachklassischen Aventiureromans</subfield><subfield code="c">Christoph Cormeau</subfield></datafield><datafield ind1=" " ind2="1" tag="264"><subfield code="a">Zürich</subfield><subfield code="b">Artemis Verlag</subfield><subfield code="c">1977</subfield></datafield><datafield ind1=" " ind2=" " tag="300"><subfield code="a">IX, 273 p.</subfield><subfield code="c">24 cm</subfield></datafield><datafield ind1=" " ind2=" " tag="336"><subfield code="b">txt</subfield><subfield code="2">rdacontent</subfield></datafield><datafield ind1=" " ind2=" " tag="337"><subfield code="b">n</subfield><subfield code="2">rdamedia</subfield></datafield><datafield ind1=" " ind2=" " tag="338"><subfield code="b">nc</subfield><subfield code="2">rdacarrier</subfield></datafield><datafield ind1="1" ind2=" " tag="490"><subfield code="a">Münchener Texte und Untersuchungen zur deutschen Literatur des Mittelalters</subfield><subfield code="v">Bd. 57</subfield></datafield><datafield ind1=" " ind2=" " tag="502"><subfield code="a">Zugl.: Habil.-Schrift München</subfield></datafield><datafield ind1="0" ind2="7" tag="600"><subfield code="a">Heinrich</subfield><subfield code="c">von dem Türlin</subfield><subfield code="t">&lt;&lt;Diu&gt;&gt; crône</subfield><subfield code="0">(DE-588)4215306-2</subfield><subfield code="2">gnd</subfield></datafield><datafield ind1="0" ind2="7" tag="600"><subfield code="a">Wirnt</subfield><subfield code="c">von Grafenberg</subfield><subfield code="d">ca. Anfang 13. Jh.</subfield><subfield code="t">Wigalois</subfield><subfield code="0">(DE-588)4131828-6</subfield><subfield code="2">gnd</subfield></datafield><datafield ind1="0" ind2="7" tag="600"><subfield code="a">Wirnt</subfield><subfield code="c">von Grafenberg</subfield><subfield code="d">ca. Anfang 13. Jh.</subfield><subfield code="t">Wigalois</subfield><subfield code="g">Volksbuch</subfield><subfield code="0">(DE-588)4315345-8</subfield><subfield code="2">gnd</subfield></datafield><datafield ind1="0" ind2="0" tag="600"><subfield code="a">Heinrich</subfield><subfield code="c">von dem Türlin</subfield><subfield code="d">active 13th century</subfield><subfield code="t">Diu crône</subfield></datafield><datafield ind1="0" ind2="0" tag="600"><subfield code="a">Heinrich</subfield><subfield code="c">von dem Türlin</subfield><subfield code="d">active 13th century</subfield><subfield code="t">Krone</subfield></datafield><datafield ind1="0" ind2="0" tag="600"><subfield code="a">Wirnt</subfield><subfield code="c">von Grafenberg</subfield><subfield code="d">active 13th century</subfield><subfield code="t">Wigalois</subfield></datafield><datafield ind1="0" ind2="7" tag="600"><subfield code="a">Heinrich von dem Türlin</subfield><subfield code="d">12..-12..</subfield><subfield code="t">&lt;&lt;Diu &gt;&gt;Crône</subfield><subfield code="0">(IDREF)027596958</subfield><subfield code="2">idref</subfield></datafield><datafield ind1="0" ind2="7" tag="630"><subfield code="a">Wigalois</subfield><subfield code="g">Fragment r</subfield><subfield code="0">(DE-588)105883973X</subfield><subfield code="2">gnd</subfield></datafield><datafield ind1="0" ind2="7" tag="630"><subfield code="a">Wigalois</subfield><subfield code="0">(RERO)A010037236</subfield><subfield code="2">rero</subfield></datafield><datafield ind1=" " ind2="7" tag="648"><subfield code="a">Geschichte 1200-1300</subfield><subfield code="2">gnd</subfield></datafield><datafield ind1=" " ind2="7" tag="650"><subfield code="a">Artusepik</subfield><subfield code="0">(DE-588)4112603-8</subfield><subfield code="2">gnd</subfield></datafield><datafield ind1=" " ind2="7" tag="650"><subfield code="a">Epik</subfield><subfield code="0">(DE-588)4015025-2</subfield><subfield code="2">gnd</subfield></datafield><datafield ind1=" " ind2="7" tag="650"><subfield code="a">Gattung</subfield><subfield code="0">(DE-588)4156088-7</subfield><subfield code="2">gnd</subfield></datafield><datafield ind1=" " ind2="7" tag="650"><subfield code="a">Mittelhochdeutsch</subfield><subfield code="0">(DE-588)4039687-3</subfield><subfield code="2">gnd</subfield></datafield><datafield ind1=" " ind2="7" tag="655"><subfield code="a">Hochschulschrift</subfield><subfield code="2">gnd-content</subfield></datafield><datafield ind1=" " ind2=" " tag="690"><subfield code="a">Wirnt (von Grafenberg)</subfield><subfield code="2">uzb-Z9</subfield></datafield><datafield ind1=" " ind2="0" tag="830"><subfield code="a">Münchener Texte und Untersuchungen zur deutschen Literatur des Mittelalters</subfield><subfield code="v">57</subfield><subfield code="w">(NEBIS)000987665EBI01</subfield></datafield><datafield ind1=" " ind2="0" tag="830"><subfield code="a">Münchener Texte und Untersuchungen zur deutschen Literatur des Mittelalters</subfield><subfield code="v">57</subfield><subfield code="w">(NEBIS)000987665EBI01</subfield></datafield><datafield ind1=" " ind2="0" tag="830"><subfield code="a">Münchener Texte und Untersuchungen zur deutschen Literatur des Mittelalters</subfield><subfield code="v">57</subfield><subfield code="w">(RERO)0026977-41slsp</subfield></datafield><datafield ind1=" " ind2=" " tag="900"><subfield code="a">IDSZRMedeaZBZ</subfield></datafield><datafield ind1=" " ind2=" " tag="900"><subfield code="f">IDSU2medea</subfield></datafield><datafield ind1=" " ind2=" " tag="900"><subfield code="a">REROnoselfmerge</subfield></datafield><datafield ind1=" " ind2=" " tag="900"><subfield code="a">IDSBBnoselfmerge</subfield></datafield></record>
</metadata></record>