<record><header><identifier>oai:alma.41SLSP_UGE:991000042359705502</identifier><datestamp>2024-10-29T01:08:07Z</datestamp><setSpec>uge_bcen_RapidILL_BOOK</setSpec><setSpec>uge_aaca_RapidILL_BOOK</setSpec><setSpec>uge_abels_RapidILL_BOOK</setSpec><setSpec>uge_dbu_RapidILL_BOOK</setSpec><setSpec>uge_cmu_RapidILL_BOOK</setSpec><setSpec>uge_mail_RapidILL_BOOK</setSpec><setSpec>uge_abbat_RapidILL_BOOK</setSpec><setSpec>UNIGE_ALL</setSpec><setSpec>uge_aobs_RapidILL_BOOK</setSpec><setSpec>uge_acar_RapidILL_BOOK</setSpec></header><metadata>
<record xmlns="http://www.loc.gov/MARC21/slim" xmlns:xsi="http://www.w3.org/2001/XMLSchema-instance" xsi:schemaLocation="http://www.loc.gov/MARC21/slim http://www.loc.gov/standards/marcxml/schema/MARC21slim.xsd"><leader>01839nam a2200325 c 4500</leader><controlfield tag="001">991000042359705502</controlfield><controlfield tag="005">20241028211309.0</controlfield><controlfield tag="008">870518s1713    ne ||||| |||| 00| ||fre d</controlfield><datafield ind1=" " ind2=" " tag="035"><subfield code="a">(swissbib)081761880-41slsp_network</subfield></datafield><datafield ind1=" " ind2=" " tag="035"><subfield code="a">081761880</subfield><subfield code="9">ExL</subfield></datafield><datafield ind1=" " ind2=" " tag="035"><subfield code="a">(RERO)0843037-41slsp</subfield></datafield><datafield ind1=" " ind2=" " tag="035"><subfield code="a">(EXLNZ-41SLSP_NETWORK)991131160579705501</subfield></datafield><datafield ind1=" " ind2=" " tag="040"><subfield code="a">RERO geudbu</subfield><subfield code="d">CH-ZuSLS</subfield></datafield><datafield ind1=" " ind2="7" tag="072"><subfield code="a">th</subfield><subfield code="2">rero</subfield></datafield><datafield ind1="1" ind2=" " tag="100"><subfield code="a">Bayle, Pierre</subfield><subfield code="d">1647-1706</subfield><subfield code="0">(IDREF)027931161</subfield><subfield code="4">cre</subfield></datafield><datafield ind1="1" ind2="0" tag="245"><subfield code="a">Commentaire philosophique sur ces paroles de Jésus-Christ, Contrain-les d'entrer ; ou Traité de la tolérance universelle</subfield><subfield code="c">par Mr. Bayle</subfield></datafield><datafield ind1=" " ind2=" " tag="250"><subfield code="a">Nouvelle édition</subfield></datafield><datafield ind1=" " ind2="1" tag="264"><subfield code="a">A Rotterdam</subfield><subfield code="b">chez Fritsch et Böhm</subfield><subfield code="c">1213 [i.e. 1713]</subfield></datafield><datafield ind1=" " ind2=" " tag="300"><subfield code="a">2 vol. (VIII, 492, [24] p.; 456, [46] p.)</subfield><subfield code="c">17 cm</subfield></datafield><datafield ind1=" " ind2=" " tag="336"><subfield code="b">txt</subfield><subfield code="2">rdacontent</subfield></datafield><datafield ind1=" " ind2=" " tag="337"><subfield code="b">n</subfield><subfield code="2">rdamedia</subfield></datafield><datafield ind1=" " ind2=" " tag="338"><subfield code="b">nc</subfield><subfield code="2">rdacarrier</subfield></datafield><datafield ind1="0" ind2=" " tag="505"><subfield code="a">T. 1: Ce que c'est que la France toute catholique, sous le règne de Louis le Grand ; Commentaire philosophique sur ces paroles de Jésus-Christ, Contrain-les d'entrer, Luc, XIV. 23 ; Seconde partie, contenant la réponse aux objections qu'on peut faire contre la tolérance</subfield></datafield><datafield ind1="0" ind2=" " tag="505"><subfield code="a">T. 2: Troisième partie, contenant la réfutation de l'apologie de St. Augustin pour la persécution</subfield></datafield><datafield ind1="1" ind2=" " tag="700"><subfield code="a">Fritsch, Caspar</subfield><subfield code="c">libraire</subfield><subfield code="d">16..-17..</subfield><subfield code="0">(IDREF)122555155</subfield><subfield code="4">prt</subfield></datafield><datafield ind1="1" ind2=" " tag="700"><subfield code="a">Böhm, Michael</subfield><subfield code="c">libraire</subfield><subfield code="d">16..-1722</subfield><subfield code="0">(IDREF)069890307</subfield><subfield code="4">prt</subfield></datafield><datafield ind1=" " ind2=" " tag="751"><subfield code="a">Rotterdam (Pays-Bas)</subfield><subfield code="4">pup</subfield><subfield code="0">(IDREF)027619591</subfield></datafield><datafield ind1="0" ind2="8" tag="776"><subfield code="i">Publié également comme</subfield><subfield code="n">édition en ligne</subfield><subfield code="t">Commentaire philosophique sur ces paroles de Jésus-Christ, Contrain-les d'entrer ; ou Traité de la tolérance universelle</subfield><subfield code="w">991171966508005501</subfield></datafield><datafield ind1="4" ind2="1" tag="856"><subfield code="u">http://books.google.ch/books?vid=BCULVD2145041</subfield><subfield code="z">Vol. 1</subfield><subfield code="z">Googlos 2007-2009</subfield></datafield><datafield ind1="4" ind2="1" tag="856"><subfield code="u">http://books.google.ch/books?vid=BCULVD2293860</subfield><subfield code="z">Vol. 2</subfield><subfield code="z">Googlos 2007-2009</subfield></datafield><datafield ind1=" " ind2=" " tag="900"><subfield code="a">REROswissbibnomerge</subfield></datafield></record>
</metadata></record>