<record><header><identifier>oai:alma.41SLSP_UGE:991000042349705502</identifier><datestamp>2024-08-31T00:24:08Z</datestamp><setSpec>uge_bcen_RapidILL_BOOK</setSpec><setSpec>uge_aaca_RapidILL_BOOK</setSpec><setSpec>uge_abels_RapidILL_BOOK</setSpec><setSpec>uge_dbu_RapidILL_BOOK</setSpec><setSpec>uge_cmu_RapidILL_BOOK</setSpec><setSpec>uge_mail_RapidILL_BOOK</setSpec><setSpec>uge_abbat_RapidILL_BOOK</setSpec><setSpec>UNIGE_ALL</setSpec><setSpec>uge_aobs_RapidILL_BOOK</setSpec><setSpec>uge_acar_RapidILL_BOOK</setSpec></header><metadata>
<record xmlns="http://www.loc.gov/MARC21/slim" xmlns:xsi="http://www.w3.org/2001/XMLSchema-instance" xsi:schemaLocation="http://www.loc.gov/MARC21/slim http://www.loc.gov/standards/marcxml/schema/MARC21slim.xsd"><leader>01841ncm a2200493 c 4500</leader><controlfield tag="001">991000042349705502</controlfield><controlfield tag="005">20240830151406.0</controlfield><controlfield tag="008">201012s1993    fr ||l |            und d</controlfield><datafield ind1="2" ind2="2" tag="028"><subfield code="a">E.A.S. 19101p</subfield></datafield><datafield ind1=" " ind2=" " tag="035"><subfield code="a">(swissbib)242724655-41slsp_network</subfield></datafield><datafield ind1=" " ind2=" " tag="035"><subfield code="a">242724655</subfield><subfield code="9">ExL</subfield></datafield><datafield ind1=" " ind2=" " tag="035"><subfield code="a">(RERO)R003198218-41slsp</subfield></datafield><datafield ind1=" " ind2=" " tag="035"><subfield code="a">(IDSBB)002715995DSV01</subfield></datafield><datafield ind1=" " ind2=" " tag="035"><subfield code="a">(EXLNZ-41SLSP_NETWORK)991146366269705501</subfield></datafield><datafield ind1=" " ind2=" " tag="040"><subfield code="a">RERO gevbmu</subfield><subfield code="d">CH-ZuSLS</subfield></datafield><datafield ind1=" " ind2="7" tag="072"><subfield code="a">mu</subfield><subfield code="2">rero</subfield></datafield><datafield ind1="1" ind2=" " tag="100"><subfield code="a">Rebel, Jean-Féry</subfield><subfield code="d">1666-1747</subfield><subfield code="6">880-01</subfield><subfield code="0">(DE-588)119277557</subfield></datafield><datafield ind1="1" ind2=" " tag="880"><subfield code="6">100-01</subfield><subfield code="a">Rebel, Jean-Féry</subfield><subfield code="d">1666-1747</subfield><subfield code="0">(IDREF)081475462</subfield><subfield code="4">cre</subfield></datafield><datafield ind1="1" ind2="0" tag="240"><subfield code="a">&lt;&lt;Les&gt;&gt; élémens</subfield></datafield><datafield ind1="1" ind2="0" tag="245"><subfield code="a">&lt;&lt;Les&gt;&gt; elemens</subfield><subfield code="c">Jean Fery Rebel ; responsable scientifique, Sylvie Bouissou ; éd. de Catherine Cessac</subfield></datafield><datafield ind1="1" ind2="3" tag="246"><subfield code="a">&lt;&lt;Les&gt;&gt; éléments</subfield></datafield><datafield ind1=" " ind2="1" tag="264"><subfield code="a">Paris</subfield><subfield code="b">Salabert</subfield><subfield code="c">[1993]</subfield></datafield><datafield ind1=" " ind2="4" tag="264"><subfield code="c">© 1993</subfield></datafield><datafield ind1=" " ind2=" " tag="300"><subfield code="a">1 partition (XIV, 59 p.)</subfield><subfield code="b">fac-sim.</subfield><subfield code="c">31 cm</subfield></datafield><datafield ind1=" " ind2=" " tag="336"><subfield code="b">ntm</subfield><subfield code="2">rdacontent</subfield></datafield><datafield ind1=" " ind2=" " tag="337"><subfield code="b">n</subfield><subfield code="2">rdamedia</subfield></datafield><datafield ind1=" " ind2=" " tag="338"><subfield code="b">nc</subfield><subfield code="2">rdacarrier</subfield></datafield><datafield ind1=" " ind2=" " tag="348"><subfield code="a">Partitur</subfield><subfield code="2">gnd-music</subfield></datafield><datafield ind1=" " ind2=" " tag="348"><subfield code="a">partition</subfield><subfield code="2">gnd-music/fre</subfield></datafield><datafield ind1=" " ind2=" " tag="348"><subfield code="a">partitura</subfield><subfield code="2">gnd-music/ita</subfield></datafield><datafield ind1=" " ind2=" " tag="382"><subfield code="a">orchestre</subfield><subfield code="n">1</subfield><subfield code="2">reromusi</subfield></datafield><datafield ind1=" " ind2=" " tag="382"><subfield code="a">Orchester</subfield><subfield code="n">1</subfield><subfield code="2">idsmusi</subfield></datafield><datafield ind1="1" ind2=" " tag="490"><subfield code="a">Baroque</subfield></datafield><datafield ind1=" " ind2=" " tag="500"><subfield code="a">La couv. et la p. de titre portent: Musica Gallica</subfield></datafield><datafield ind1=" " ind2=" " tag="500"><subfield code="a">Contient une annexe et un apparat critique</subfield></datafield><datafield ind1=" " ind2="7" tag="655"><subfield code="a">Ballett</subfield><subfield code="y">18. Jh.</subfield><subfield code="2">idsmusg</subfield></datafield><datafield ind1=" " ind2="7" tag="655"><subfield code="a">Symphonie</subfield><subfield code="x">orchestre</subfield><subfield code="y">1701-1750</subfield><subfield code="2">reromusg</subfield></datafield><datafield ind1=" " ind2=" " tag="690"><subfield code="a">Symphonie</subfield><subfield code="d">orchestre</subfield><subfield code="e">1701-1750</subfield><subfield code="2">musg</subfield></datafield><datafield ind1=" " ind2=" " tag="690"><subfield code="a">orchestre</subfield><subfield code="2">musi</subfield></datafield><datafield ind1=" " ind2=" " tag="690"><subfield code="a">Ballett</subfield><subfield code="q">Orchester</subfield><subfield code="t">18. Jh.</subfield><subfield code="v">Noten</subfield><subfield code="2">ids-music</subfield></datafield><datafield ind1="1" ind2=" " tag="700"><subfield code="a">Bouissou, Sylvie</subfield><subfield code="c">musicologue</subfield><subfield code="d">1955-....</subfield><subfield code="0">(IDREF)030897637</subfield></datafield><datafield ind1="1" ind2=" " tag="700"><subfield code="6">880-03</subfield><subfield code="a">Cessac, Catherine</subfield><subfield code="d">1952-</subfield><subfield code="0">(DE-588)133421244</subfield></datafield><datafield ind1="1" ind2=" " tag="880"><subfield code="6">700-03</subfield><subfield code="a">Cessac, Catherine</subfield><subfield code="d">1952-....</subfield><subfield code="0">(IDREF)029260639</subfield></datafield><datafield ind1=" " ind2=" " tag="830"><subfield code="a">Baroque</subfield><subfield code="p">Salabert</subfield><subfield code="w">(RERO)R211332060-41slsp</subfield></datafield><datafield ind1=" " ind2=" " tag="900"><subfield code="a">REROnoselfmerge</subfield></datafield><datafield ind1=" " ind2=" " tag="960"><subfield code="2">matmu</subfield><subfield code="a">France ; XVII-XVIIIe ; Baroque ; symphonie</subfield><subfield code="9">LOCAL</subfield></datafield></record>
</metadata></record>