<record><header><identifier>oai:alma.41SLSP_UGE:991000042869705502</identifier><datestamp>2023-11-25T01:30:04Z</datestamp><setSpec>uge_bcen_RapidILL_BOOK</setSpec><setSpec>uge_aaca_RapidILL_BOOK</setSpec><setSpec>uge_abels_RapidILL_BOOK</setSpec><setSpec>uge_dbu_RapidILL_BOOK</setSpec><setSpec>uge_cmu_RapidILL_BOOK</setSpec><setSpec>uge_mail_RapidILL_BOOK</setSpec><setSpec>uge_abbat_RapidILL_BOOK</setSpec><setSpec>UNIGE_ALL</setSpec><setSpec>uge_aobs_RapidILL_BOOK</setSpec><setSpec>uge_acar_RapidILL_BOOK</setSpec></header><metadata>
<record xmlns="http://www.loc.gov/MARC21/slim" xmlns:xsi="http://www.w3.org/2001/XMLSchema-instance" xsi:schemaLocation="http://www.loc.gov/MARC21/slim http://www.loc.gov/standards/marcxml/schema/MARC21slim.xsd"><leader>01228naa a2200277 c 4500</leader><controlfield tag="001">991000042869705502</controlfield><controlfield tag="005">20230630214608.0</controlfield><controlfield tag="008">201012s1968    sz ||||| |||| 00| ||fre d</controlfield><datafield ind1=" " ind2=" " tag="035"><subfield code="a">(swissbib)238340244-41slsp_network</subfield></datafield><datafield ind1=" " ind2=" " tag="035"><subfield code="a">238340244</subfield><subfield code="9">ExL</subfield></datafield><datafield ind1=" " ind2=" " tag="035"><subfield code="a">(RERO)0601802-41slsp</subfield></datafield><datafield ind1=" " ind2=" " tag="035"><subfield code="a">(IDSBB)001061705DSV01</subfield></datafield><datafield ind1=" " ind2=" " tag="035"><subfield code="a">(ALEX)bv01034459</subfield></datafield><datafield ind1=" " ind2=" " tag="035"><subfield code="a">(EXLNZ-41SLSP_NETWORK)991083026949705501</subfield></datafield><datafield ind1=" " ind2=" " tag="040"><subfield code="a">RERO geubfd</subfield><subfield code="d">CH-ZuSLS</subfield></datafield><datafield ind1=" " ind2="7" tag="072"><subfield code="a">dr</subfield><subfield code="2">rero</subfield></datafield><datafield ind1=" " ind2=" " tag="084"><subfield code="a">D 30 i</subfield><subfield code="2">cjurrom</subfield></datafield><datafield ind1="1" ind2=" " tag="100"><subfield code="a">Pointet, Pierre Jean</subfield><subfield code="d">1910-2000</subfield><subfield code="0">(DE-588)1213674239</subfield><subfield code="6">880-01</subfield></datafield><datafield ind1="1" ind2=" " tag="880"><subfield code="6">100-01</subfield><subfield code="a">Pointet, Pierre Jean</subfield><subfield code="0">(IDREF)144329646</subfield><subfield code="4">cre</subfield></datafield><datafield ind1="1" ind2="0" tag="245"><subfield code="a">&lt;&lt;La&gt;&gt; cession d'une marque dans le cadre d'un enregistrement international</subfield><subfield code="c">Pierre Jean Pointet</subfield></datafield><datafield ind1=" " ind2=" " tag="336"><subfield code="b">txt</subfield><subfield code="2">rdacontent</subfield></datafield><datafield ind1=" " ind2=" " tag="337"><subfield code="b">n</subfield><subfield code="2">rdamedia</subfield></datafield><datafield ind1=" " ind2=" " tag="338"><subfield code="b">nc</subfield><subfield code="2">rdacarrier</subfield></datafield><datafield ind1=" " ind2=" " tag="580"><subfield code="a">In: Festschrift für Walther Hug. - Bern : Stämpfli, cop. 1968. - P. 247-258</subfield></datafield><datafield ind1=" " ind2="7" tag="650"><subfield code="a">Markenschutz</subfield><subfield code="9">ger</subfield><subfield code="0">(RERO)jurivoc000014649ger</subfield><subfield code="2">jurivoc</subfield></datafield><datafield ind1=" " ind2="7" tag="650"><subfield code="a">Übertragung(allgemein)</subfield><subfield code="9">ger</subfield><subfield code="0">(RERO)jurivoc000023223ger</subfield><subfield code="2">jurivoc</subfield></datafield><datafield ind1=" " ind2="7" tag="650"><subfield code="a">Markenregister</subfield><subfield code="9">ger</subfield><subfield code="0">(RERO)jurivoc000014645ger</subfield><subfield code="2">jurivoc</subfield></datafield><datafield ind1="0" ind2=" " tag="773"><subfield code="t">Festschrift für Walther Hug zum 70. Geburtstag 14. April 1968</subfield><subfield code="d">Bern : Verlag Stämpfli, 1968</subfield><subfield code="g">S. 247-258</subfield><subfield code="q">247-258</subfield><subfield code="w">(IDSBB)000069921DSV01</subfield></datafield></record>
</metadata></record>