<record><header><identifier>oai:alma.41SLSP_UGE:991000042769705502</identifier><datestamp>2023-06-28T00:13:02Z</datestamp><setSpec>UNIGE_ALL</setSpec></header><metadata>
<record xmlns="http://www.loc.gov/MARC21/slim" xmlns:xsi="http://www.w3.org/2001/XMLSchema-instance" xsi:schemaLocation="http://www.loc.gov/MARC21/slim http://www.loc.gov/standards/marcxml/schema/MARC21slim.xsd"><leader>00921njm a22002777c 4500</leader><controlfield tag="001">991000042769705502</controlfield><controlfield tag="005">20201222224056.0</controlfield><controlfield tag="007">sd b||||||||||</controlfield><controlfield tag="008">110122s1972    xx ||n |            lat d</controlfield><datafield ind1="0" ind2="2" tag="028"><subfield code="a">EMI C 063-30 102</subfield></datafield><datafield ind1=" " ind2=" " tag="035"><subfield code="a">(swissbib)113538081-41slsp_network</subfield></datafield><datafield ind1=" " ind2=" " tag="035"><subfield code="a">113538081</subfield><subfield code="9">ExL</subfield></datafield><datafield ind1=" " ind2=" " tag="035"><subfield code="a">(RERO)R006018591-41slsp</subfield></datafield><datafield ind1=" " ind2=" " tag="035"><subfield code="a">(EXLNZ-41SLSP_NETWORK)991088218749705501</subfield></datafield><datafield ind1=" " ind2=" " tag="040"><subfield code="a">RERO geulmu</subfield><subfield code="d">CH-ZuSLS</subfield></datafield><datafield ind1=" " ind2="7" tag="072"><subfield code="a">mu</subfield><subfield code="2">rero</subfield></datafield><datafield ind1="1" ind2=" " tag="100"><subfield code="a">Ciconia, Johannes</subfield><subfield code="0">(RERO)A003107383</subfield><subfield code="4">cre</subfield></datafield><datafield ind1="1" ind2="0" tag="245"><subfield code="a">Italienische Werke</subfield><subfield code="b">Französische Werke ; Lateinische Werke</subfield><subfield code="c">Johannes Ciconia</subfield></datafield><datafield ind1=" " ind2="1" tag="264"><subfield code="a">Germany</subfield><subfield code="b">[éditeur non identifié]</subfield><subfield code="c">1972</subfield></datafield><datafield ind1=" " ind2=" " tag="300"><subfield code="a">1 disque sonore</subfield><subfield code="b">33 t.</subfield></datafield><datafield ind1=" " ind2=" " tag="336"><subfield code="b">prm</subfield><subfield code="2">rdacontent</subfield></datafield><datafield ind1=" " ind2=" " tag="337"><subfield code="b">s</subfield><subfield code="2">rdamedia</subfield></datafield><datafield ind1=" " ind2=" " tag="338"><subfield code="b">sd</subfield><subfield code="2">rdacarrier</subfield></datafield><datafield ind1="0" ind2=" " tag="490"><subfield code="a">Réflexe</subfield></datafield><datafield ind1="1" ind2=" " tag="700"><subfield code="a">Binkley, Thomas</subfield><subfield code="d">1931-1995</subfield><subfield code="0">(IDREF)02966053X</subfield></datafield><datafield ind1="2" ind2=" " tag="710"><subfield code="a">Studio der frühen Musik</subfield><subfield code="g">Munich, Allemagne</subfield><subfield code="g">1959-1977</subfield><subfield code="0">(IDREF)078077192</subfield></datafield><datafield ind1=" " ind2=" " tag="900"><subfield code="a">REROnoselfmerge</subfield></datafield><datafield ind1=" " ind2=" " tag="960"><subfield code="2">matmu</subfield><subfield code="a">Liège ; XIVe ; Renaissance ; musique sacrée</subfield><subfield code="9">LOCAL</subfield></datafield></record>
</metadata></record>