<record><header><identifier>oai:alma.41SLSP_UGE:991000042159705502</identifier><datestamp>2024-09-19T00:10:13Z</datestamp><setSpec>uge_bcen_RapidILL_BOOK</setSpec><setSpec>uge_aaca_RapidILL_BOOK</setSpec><setSpec>uge_abels_RapidILL_BOOK</setSpec><setSpec>uge_dbu_RapidILL_BOOK</setSpec><setSpec>uge_cmu_RapidILL_BOOK</setSpec><setSpec>uge_mail_RapidILL_BOOK</setSpec><setSpec>uge_abbat_RapidILL_BOOK</setSpec><setSpec>UNIGE_ALL</setSpec><setSpec>uge_aobs_RapidILL_BOOK</setSpec><setSpec>uge_acar_RapidILL_BOOK</setSpec></header><metadata>
<record xmlns="http://www.loc.gov/MARC21/slim" xmlns:xsi="http://www.w3.org/2001/XMLSchema-instance" xsi:schemaLocation="http://www.loc.gov/MARC21/slim http://www.loc.gov/standards/marcxml/schema/MARC21slim.xsd"><leader>02750nam a2200745 c 4500</leader><controlfield tag="001">991000042159705502</controlfield><controlfield tag="005">20240917092740.0</controlfield><controlfield tag="008">201011t19961996ne ||||| |||| 00| ||eng d</controlfield><datafield ind1=" " ind2=" " tag="020"><subfield code="a">0792339142</subfield></datafield><datafield ind1=" " ind2=" " tag="035"><subfield code="a">(swissbib)229262805-41slsp_network</subfield></datafield><datafield ind1=" " ind2=" " tag="035"><subfield code="a">229262805</subfield><subfield code="9">ExL</subfield></datafield><datafield ind1=" " ind2=" " tag="035"><subfield code="a">(RERO)2222820-41slsp</subfield></datafield><datafield ind1=" " ind2=" " tag="035"><subfield code="a">(IDSBB)001245245DSV01</subfield></datafield><datafield ind1=" " ind2=" " tag="035"><subfield code="a">(NEBIS)001557667EBI01</subfield></datafield><datafield ind1=" " ind2=" " tag="035"><subfield code="a">(EXLNZ-41SLSP_NETWORK)991156026999705501</subfield></datafield><datafield ind1=" " ind2=" " tag="040"><subfield code="a">RERO labcud</subfield><subfield code="d">CH-ZuSLS</subfield></datafield><datafield ind1=" " ind2=" " tag="044"><subfield code="a">ne</subfield><subfield code="a">xxu</subfield></datafield><datafield ind1=" " ind2="7" tag="072"><subfield code="a">lg</subfield><subfield code="2">rero</subfield></datafield><datafield ind1=" " ind2="7" tag="072"><subfield code="a">as</subfield><subfield code="2">SzZuIDS BS/BE</subfield></datafield><datafield ind1=" " ind2="7" tag="072"><subfield code="a">ph</subfield><subfield code="2">SzZuIDS BS/BE</subfield></datafield><datafield ind1="0" ind2="0" tag="082"><subfield code="a">401/.43</subfield><subfield code="2">20</subfield></datafield><datafield ind1="0" ind2="4" tag="082"><subfield code="a">412</subfield><subfield code="b">C922s</subfield></datafield><datafield ind1="1" ind2="4" tag="082"><subfield code="a">401.43</subfield></datafield><datafield ind1=" " ind2=" " tag="084"><subfield code="a">ER 620</subfield><subfield code="2">rvk</subfield></datafield><datafield ind1=" " ind2=" " tag="084"><subfield code="a">ET 430</subfield><subfield code="2">rvk</subfield></datafield><datafield ind1=" " ind2=" " tag="084"><subfield code="a">ET 470</subfield><subfield code="2">rvk</subfield></datafield><datafield ind1="1" ind2=" " tag="100"><subfield code="6">880-01</subfield><subfield code="a">Cresswell, Max J.</subfield><subfield code="0">(RERO)A003143446</subfield><subfield code="4">cre</subfield></datafield><datafield ind1="1" ind2=" " tag="880"><subfield code="a">Cresswell, M. J.</subfield><subfield code="d">1939-</subfield><subfield code="6">100-01/(B</subfield><subfield code="0">(DE-588)1022493639</subfield></datafield><datafield ind1="1" ind2="0" tag="245"><subfield code="a">Semantic indexicality</subfield><subfield code="c">by M.J. Cresswell</subfield></datafield><datafield ind1=" " ind2="1" tag="264"><subfield code="a">Dordrecht</subfield><subfield code="a">Boston [etc.]</subfield><subfield code="b">Kluwer</subfield><subfield code="c">[1996]</subfield></datafield><datafield ind1=" " ind2="4" tag="264"><subfield code="c">© 1996</subfield></datafield><datafield ind1=" " ind2=" " tag="300"><subfield code="a">IX, 215 p.</subfield><subfield code="c">24 cm</subfield></datafield><datafield ind1=" " ind2=" " tag="336"><subfield code="b">txt</subfield><subfield code="2">rdacontent</subfield></datafield><datafield ind1=" " ind2=" " tag="337"><subfield code="b">n</subfield><subfield code="2">rdamedia</subfield></datafield><datafield ind1=" " ind2=" " tag="338"><subfield code="b">nc</subfield><subfield code="2">rdacarrier</subfield></datafield><datafield ind1="1" ind2=" " tag="490"><subfield code="a">Studies in linguistics and philosophy</subfield><subfield code="v">vol. 60</subfield></datafield><datafield ind1=" " ind2="7" tag="650"><subfield code="a">Sémantique</subfield><subfield code="0">(IDREF)027248607</subfield><subfield code="2">idref</subfield></datafield><datafield ind1=" " ind2="7" tag="650"><subfield code="a">Contexte (linguistique)</subfield><subfield code="0">(IDREF)027784789</subfield><subfield code="2">idref</subfield></datafield><datafield ind1=" " ind2="7" tag="650"><subfield code="a">Calcul des propositions</subfield><subfield code="0">(IDREF)027554546</subfield><subfield code="2">idref</subfield></datafield><datafield ind1=" " ind2="7" tag="650"><subfield code="a">Indexicalité</subfield><subfield code="0">(IDREF)032218834</subfield><subfield code="2">idref</subfield></datafield><datafield ind1=" " ind2="7" tag="650"><subfield code="a">Semantik</subfield><subfield code="2">idsbb</subfield></datafield><datafield ind1=" " ind2="7" tag="650"><subfield code="a">Deixis</subfield><subfield code="2">idszbz</subfield></datafield><datafield ind1=" " ind2="7" tag="650"><subfield code="a">Semantik</subfield><subfield code="2">idszbz</subfield></datafield><datafield ind1=" " ind2="7" tag="650"><subfield code="a">Deixis</subfield><subfield code="0">(DE-588)4011327-9</subfield><subfield code="2">gnd</subfield></datafield><datafield ind1=" " ind2="7" tag="650"><subfield code="a">Generative Semantik</subfield><subfield code="0">(DE-588)4156610-5</subfield><subfield code="2">gnd</subfield></datafield><datafield ind1=" " ind2="7" tag="650"><subfield code="a">Kontext</subfield><subfield code="0">(DE-588)4165149-2</subfield><subfield code="2">gnd</subfield></datafield><datafield ind1=" " ind2="7" tag="650"><subfield code="a">Linguistik</subfield><subfield code="0">(DE-588)4074250-7</subfield><subfield code="2">gnd</subfield></datafield><datafield ind1=" " ind2="7" tag="650"><subfield code="a">Proposition</subfield><subfield code="g">Rhetorik</subfield><subfield code="0">(DE-588)4175953-9</subfield><subfield code="2">gnd</subfield></datafield><datafield ind1=" " ind2="7" tag="650"><subfield code="a">Semantik</subfield><subfield code="0">(DE-588)4054490-4</subfield><subfield code="2">gnd</subfield></datafield><datafield ind1=" " ind2="7" tag="650"><subfield code="a">Syntax</subfield><subfield code="0">(DE-588)4058779-4</subfield><subfield code="2">gnd</subfield></datafield><datafield ind1=" " ind2="0" tag="650"><subfield code="a">Anaphora (Linguistics)</subfield></datafield><datafield ind1=" " ind2="0" tag="650"><subfield code="a">Context (Linguistics)</subfield></datafield><datafield ind1=" " ind2="0" tag="650"><subfield code="a">Grammar, Comparative and general</subfield></datafield><datafield ind1=" " ind2="0" tag="650"><subfield code="a">Grammar, Comparative and general</subfield><subfield code="x">Quantifiers</subfield></datafield><datafield ind1=" " ind2="0" tag="650"><subfield code="a">Grammar, Comparative and general</subfield><subfield code="x">Syntax</subfield></datafield><datafield ind1=" " ind2="0" tag="650"><subfield code="a">Indexicals (Semantics)</subfield></datafield><datafield ind1=" " ind2="0" tag="650"><subfield code="a">Proposition (Logic)</subfield></datafield><datafield ind1=" " ind2="0" tag="650"><subfield code="a">Semantics</subfield></datafield><datafield ind1=" " ind2="0" tag="650"><subfield code="a">Semantics (Philosophy)</subfield></datafield><datafield ind1=" " ind2=" " tag="690"><subfield code="a">J.5</subfield><subfield code="d">ARTS AND HUMANITIES</subfield><subfield code="2">uzb-UM</subfield></datafield><datafield ind1="4" ind2="2" tag="856"><subfield code="3">Inhaltsverzeichnis</subfield><subfield code="u">http://www.ub.unibas.ch/tox/HBZ/HT007165236/PDF</subfield><subfield code="q">pdf</subfield></datafield><datafield ind1="4" ind2="2" tag="856"><subfield code="3">Abstract / Autoreninformation</subfield><subfield code="u">https://toc.library.ethz.ch/objects/pdf/000068299_e01_0792339142_02.pdf</subfield><subfield code="q">pdf</subfield></datafield><datafield ind1=" " ind2="0" tag="830"><subfield code="a">Studies in linguistics and philosophy</subfield><subfield code="v">60</subfield><subfield code="w">(RERO)0669492-41slsp</subfield></datafield><datafield ind1=" " ind2=" " tag="900"><subfield code="a">REROnoselfmerge</subfield></datafield><datafield ind1=" " ind2=" " tag="949"><subfield code="a">https://toc.library.ethz.ch/objects/pdf/000068299_e01_0792339142_02.pdf</subfield></datafield><datafield ind1=" " ind2=" " tag="949"><subfield code="a">http://www.ub.unibas.ch/tox/HBZ/HT007165236/PDF</subfield></datafield><datafield ind1=" " ind2=" " tag="993"><subfield code="a">BFLA 107514</subfield><subfield code="x">ge/ulit/a/96/404</subfield><subfield code="9">LOCAL</subfield></datafield></record>
</metadata></record>