<record><header><identifier>oai:alma.41SLSP_UGE:991000043099705502</identifier><datestamp>2023-03-01T01:08:48Z</datestamp><setSpec>uge_bcen_RapidILL_BOOK</setSpec><setSpec>uge_aaca_RapidILL_BOOK</setSpec><setSpec>uge_abels_RapidILL_BOOK</setSpec><setSpec>uge_dbu_RapidILL_BOOK</setSpec><setSpec>uge_cmu_RapidILL_BOOK</setSpec><setSpec>uge_mail_RapidILL_BOOK</setSpec><setSpec>UNIGE_ALL</setSpec><setSpec>uge_abbat_RapidILL_BOOK</setSpec><setSpec>uge_aobs_RapidILL_BOOK</setSpec><setSpec>uge_acar_RapidILL_BOOK</setSpec></header><metadata>
<record xmlns="http://www.loc.gov/MARC21/slim" xmlns:xsi="http://www.w3.org/2001/XMLSchema-instance" xsi:schemaLocation="http://www.loc.gov/MARC21/slim http://www.loc.gov/standards/marcxml/schema/MARC21slim.xsd"><leader>01275nam a2200361 c 4500</leader><controlfield tag="001">991000043099705502</controlfield><controlfield tag="005">20201126045551.0</controlfield><controlfield tag="008">201008s1953    fr ||||| m||| 00| ||fre d</controlfield><datafield ind1=" " ind2=" " tag="035"><subfield code="a">(swissbib)106086065-41slsp_network</subfield></datafield><datafield ind1=" " ind2=" " tag="035"><subfield code="a">106086065</subfield><subfield code="9">ExL</subfield></datafield><datafield ind1=" " ind2=" " tag="035"><subfield code="a">(RERO)R004596885-41slsp</subfield></datafield><datafield ind1=" " ind2=" " tag="035"><subfield code="a">(EXLNZ-41SLSP_NETWORK)991066023129705501</subfield></datafield><datafield ind1=" " ind2=" " tag="040"><subfield code="a">SZ-GeWHO</subfield><subfield code="d">CH-ZuSLS</subfield></datafield><datafield ind1=" " ind2="4" tag="060"><subfield code="a">WA 530.1</subfield></datafield><datafield ind1=" " ind2="7" tag="072"><subfield code="a">me</subfield><subfield code="2">rero</subfield></datafield><datafield ind1="1" ind2=" " tag="100"><subfield code="a">Crénès, René Joseph</subfield><subfield code="0">(RERO)A013720759</subfield><subfield code="4">cre</subfield></datafield><datafield ind1="1" ind2="0" tag="245"><subfield code="a">Géographie et politique sanitaire internationale</subfield><subfield code="b">thèse pour le doctorat en médecine présentée et soutenue publiquement le mercredi, 29 juillet 1953</subfield><subfield code="c">par René Joseph Crénès</subfield></datafield><datafield ind1=" " ind2="1" tag="264"><subfield code="a">Bordeaux</subfield><subfield code="b">J. Barbezieux</subfield><subfield code="c">1953</subfield></datafield><datafield ind1=" " ind2=" " tag="300"><subfield code="a">80 p. (ma p.)</subfield></datafield><datafield ind1=" " ind2=" " tag="336"><subfield code="b">txt</subfield><subfield code="2">rdacontent</subfield></datafield><datafield ind1=" " ind2=" " tag="337"><subfield code="b">n</subfield><subfield code="2">rdamedia</subfield></datafield><datafield ind1=" " ind2=" " tag="338"><subfield code="b">nc</subfield><subfield code="2">rdacarrier</subfield></datafield><datafield ind1="0" ind2=" " tag="490"><subfield code="a">Université de Bordeaux, Faculté de médecine et de pharmacie, Année 1952-1953</subfield><subfield code="v">no 214</subfield></datafield><datafield ind1=" " ind2=" " tag="502"><subfield code="a">Thesis (Doctoral) - Université de Bordeaux, 1953</subfield></datafield><datafield ind1="2" ind2="2" tag="610"><subfield code="a">World Health Organization</subfield></datafield><datafield ind1=" " ind2="2" tag="650"><subfield code="a">Communicable Diseases</subfield></datafield><datafield ind1=" " ind2="2" tag="650"><subfield code="a">Geography</subfield></datafield><datafield ind1=" " ind2="2" tag="650"><subfield code="a">Health Policy</subfield></datafield><datafield ind1=" " ind2="2" tag="650"><subfield code="a">International Cooperation</subfield></datafield><datafield ind1=" " ind2="2" tag="650"><subfield code="a">Public Health</subfield></datafield><datafield ind1=" " ind2="2" tag="650"><subfield code="a">Quarantine</subfield></datafield><datafield ind1=" " ind2="2" tag="650"><subfield code="a">Global Health</subfield></datafield><datafield ind1=" " ind2="2" tag="655"><subfield code="a">Academic Dissertation</subfield></datafield><datafield ind1=" " ind2=" " tag="900"><subfield code="a">REROnoselfmerge</subfield></datafield><datafield ind1=" " ind2=" " tag="990"><subfield code="a">donomshim</subfield><subfield code="9">LOCAL</subfield></datafield></record>
</metadata></record>