<record><header><identifier>oai:alma.41SLSP_UGE:991000042259705502</identifier><datestamp>2023-04-07T00:25:59Z</datestamp><setSpec>uge_bcen_RapidILL_BOOK</setSpec><setSpec>uge_aaca_RapidILL_BOOK</setSpec><setSpec>uge_abels_RapidILL_BOOK</setSpec><setSpec>uge_dbu_RapidILL_BOOK</setSpec><setSpec>uge_cmu_RapidILL_BOOK</setSpec><setSpec>uge_mail_RapidILL_BOOK</setSpec><setSpec>uge_abbat_RapidILL_BOOK</setSpec><setSpec>UNIGE_ALL</setSpec><setSpec>uge_aobs_RapidILL_BOOK</setSpec><setSpec>uge_acar_RapidILL_BOOK</setSpec></header><metadata>
<record xmlns="http://www.loc.gov/MARC21/slim" xmlns:xsi="http://www.w3.org/2001/XMLSchema-instance" xsi:schemaLocation="http://www.loc.gov/MARC21/slim http://www.loc.gov/standards/marcxml/schema/MARC21slim.xsd"><leader>01083nam a2200289 c 4500</leader><controlfield tag="001">991000042259705502</controlfield><controlfield tag="005">20201229223836.0</controlfield><controlfield tag="008">201011m19241925be ||||| |||| 00| ||fre d</controlfield><datafield ind1="8" ind2=" " tag="024"><subfield code="a">SBRT2508018</subfield></datafield><datafield ind1=" " ind2=" " tag="035"><subfield code="a">(swissbib)217035159-41slsp_network</subfield></datafield><datafield ind1=" " ind2=" " tag="035"><subfield code="a">217035159</subfield><subfield code="9">ExL</subfield></datafield><datafield ind1=" " ind2=" " tag="035"><subfield code="a">(RERO)R003060672-41slsp</subfield></datafield><datafield ind1=" " ind2=" " tag="035"><subfield code="a">(NEBIS)006370881EBI01</subfield></datafield><datafield ind1=" " ind2=" " tag="035"><subfield code="a">(OCoLC)251121901</subfield></datafield><datafield ind1=" " ind2=" " tag="035"><subfield code="a">(EXLNZ-41SLSP_NETWORK)991067239059705501</subfield></datafield><datafield ind1=" " ind2=" " tag="040"><subfield code="a">RERO neubc-</subfield><subfield code="d">CH-ZuSLS</subfield></datafield><datafield ind1=" " ind2="7" tag="072"><subfield code="a">py</subfield><subfield code="2">rero</subfield></datafield><datafield ind1="1" ind2=" " tag="100"><subfield code="a">De La Vallée Poussin, Charles J.</subfield><subfield code="c">mathématicien</subfield><subfield code="d">1866-1962</subfield><subfield code="0">(IDREF)032956428</subfield><subfield code="4">cre</subfield></datafield><datafield ind1="1" ind2="0" tag="245"><subfield code="a">Leçons de mécanique analytique</subfield><subfield code="c">par Ch.-J. de La Vallée Poussin</subfield></datafield><datafield ind1="1" ind2=" " tag="246"><subfield code="a">Mécanique analytique</subfield></datafield><datafield ind1=" " ind2="1" tag="264"><subfield code="a">Louvain</subfield><subfield code="b">Librairie universitaire</subfield><subfield code="a">Paris</subfield><subfield code="b">Gauthier-Villars</subfield><subfield code="c">1924-1925</subfield></datafield><datafield ind1=" " ind2=" " tag="300"><subfield code="a">2 vol.</subfield><subfield code="b">ill.</subfield><subfield code="c">25 cm</subfield></datafield><datafield ind1=" " ind2=" " tag="336"><subfield code="b">txt</subfield><subfield code="2">rdacontent</subfield></datafield><datafield ind1=" " ind2=" " tag="337"><subfield code="b">n</subfield><subfield code="2">rdamedia</subfield></datafield><datafield ind1=" " ind2=" " tag="338"><subfield code="b">nc</subfield><subfield code="2">rdacarrier</subfield></datafield><datafield ind1="0" ind2=" " tag="505"><subfield code="a">Tome 1: Vecteurs - cinématique - dynamique du point - statique</subfield></datafield><datafield ind1="0" ind2=" " tag="505"><subfield code="a">Tome 2: Dynamique des systèmes - dynamique du corps solide - équations de la mécanique - mécanique des fluides</subfield></datafield><datafield ind1=" " ind2=" " tag="900"><subfield code="a">REROnoselfmerge</subfield></datafield></record>
</metadata></record>