<record><header><identifier>oai:alma.41SLSP_UGE:991000042379705502</identifier><datestamp>2023-03-06T01:11:49Z</datestamp><setSpec>uge_bcen_RapidILL_BOOK</setSpec><setSpec>uge_aaca_RapidILL_BOOK</setSpec><setSpec>uge_abels_RapidILL_BOOK</setSpec><setSpec>uge_dbu_RapidILL_BOOK</setSpec><setSpec>uge_cmu_RapidILL_BOOK</setSpec><setSpec>uge_mail_RapidILL_BOOK</setSpec><setSpec>uge_abbat_RapidILL_BOOK</setSpec><setSpec>UNIGE_ALL</setSpec><setSpec>uge_acar_RapidILL_BOOK</setSpec><setSpec>uge_aobs_RapidILL_BOOK</setSpec></header><metadata>
<record xmlns="http://www.loc.gov/MARC21/slim" xmlns:xsi="http://www.w3.org/2001/XMLSchema-instance" xsi:schemaLocation="http://www.loc.gov/MARC21/slim http://www.loc.gov/standards/marcxml/schema/MARC21slim.xsd"><leader>01765nam a2200409 c 4500</leader><controlfield tag="001">991000042379705502</controlfield><controlfield tag="005">20230305093517.0</controlfield><controlfield tag="008">201011s1984    xxu||||| |||| 10| ||eng d</controlfield><datafield ind1=" " ind2=" " tag="020"><subfield code="a">0895204312</subfield></datafield><datafield ind1=" " ind2=" " tag="035"><subfield code="a">(swissbib)222215194-41slsp_network</subfield></datafield><datafield ind1=" " ind2=" " tag="035"><subfield code="a">222215194</subfield><subfield code="9">ExL</subfield></datafield><datafield ind1=" " ind2=" " tag="035"><subfield code="a">(RERO)R004869802-41slsp</subfield></datafield><datafield ind1=" " ind2=" " tag="035"><subfield code="a">(NEBIS)000409232EBI01</subfield></datafield><datafield ind1=" " ind2=" " tag="035"><subfield code="a">(EXLNZ-41SLSP_NETWORK)991012145589705501</subfield></datafield><datafield ind1=" " ind2=" " tag="040"><subfield code="a">DLC</subfield><subfield code="d">CH-ZuSLS</subfield></datafield><datafield ind1="0" ind2="0" tag="050"><subfield code="a">TN260 $b.A67 1984</subfield></datafield><datafield ind1=" " ind2="7" tag="072"><subfield code="a">st</subfield><subfield code="2">rero</subfield></datafield><datafield ind1="0" ind2="0" tag="082"><subfield code="a">622/.015/5</subfield><subfield code="2">20</subfield></datafield><datafield ind1="0" ind2="0" tag="245"><subfield code="a">Applied mining geology</subfield><subfield code="c">A.J. Erickson, Jr., ed.</subfield></datafield><datafield ind1=" " ind2="1" tag="264"><subfield code="a">New York</subfield><subfield code="b">Society of Mining Engineers of the American Institute of Mining, Metallurgical, and Petroleum Engineers</subfield><subfield code="c">1984</subfield></datafield><datafield ind1=" " ind2=" " tag="300"><subfield code="a">IX, 222 S.</subfield><subfield code="c">28 cm</subfield><subfield code="b">Fig., Tab.</subfield></datafield><datafield ind1=" " ind2=" " tag="336"><subfield code="b">txt</subfield><subfield code="2">rdacontent</subfield></datafield><datafield ind1=" " ind2=" " tag="337"><subfield code="b">n</subfield><subfield code="2">rdamedia</subfield></datafield><datafield ind1=" " ind2=" " tag="338"><subfield code="b">nc</subfield><subfield code="2">rdacarrier</subfield></datafield><datafield ind1=" " ind2=" " tag="500"><subfield code="a">Papers presented at a three-session symposium at the 1983 Fall Meeting of the Society of Mining Engineers of AIME in Salt City, Utah</subfield></datafield><datafield ind1=" " ind2=" " tag="504"><subfield code="a">Includes bibliographical references and index</subfield></datafield><datafield ind1=" " ind2="0" tag="650"><subfield code="a">Mining geology</subfield><subfield code="x">Congresses</subfield></datafield><datafield ind1=" " ind2="0" tag="650"><subfield code="a">Mining geology</subfield><subfield code="z">West (U.S.)</subfield><subfield code="x">Congresses</subfield></datafield><datafield ind1=" " ind2="7" tag="650"><subfield code="a">Gîtes minéraux</subfield><subfield code="0">(IDREF)027409945</subfield><subfield code="2">idref</subfield></datafield><datafield ind1=" " ind2="7" tag="650"><subfield code="a">ANGEWANDTE GEOLOGIE UND GEOPHYSIK</subfield><subfield code="9">ger</subfield><subfield code="0">(ETHUDK)000019934</subfield><subfield code="2">ethudk</subfield></datafield><datafield ind1=" " ind2="7" tag="650"><subfield code="a">BERGBAUTECHNIK</subfield><subfield code="9">ger</subfield><subfield code="0">(ETHUDK)000029400</subfield><subfield code="2">ethudk</subfield></datafield><datafield ind1=" " ind2="7" tag="655"><subfield code="a">Actes de congrès</subfield><subfield code="0">(IDREF)02886431X</subfield><subfield code="2">idref</subfield></datafield><datafield ind1=" " ind2="7" tag="655"><subfield code="a">Konferenzschrift</subfield><subfield code="z">Salt Lake City (UT)</subfield><subfield code="y">1983/10</subfield><subfield code="2">gnd-content</subfield></datafield><datafield ind1="1" ind2=" " tag="700"><subfield code="a">Erickson, A. J.</subfield><subfield code="c">Jr.</subfield><subfield code="0">(RERO)A014288688</subfield></datafield><datafield ind1="2" ind2=" " tag="710"><subfield code="a">Society of Mining Engineers</subfield><subfield code="0">(DE-588)7168-7</subfield></datafield><datafield ind1="2" ind2=" " tag="710"><subfield code="a">Society of Mining Engineers (New York)</subfield><subfield code="b">Meeting</subfield><subfield code="d">1983</subfield><subfield code="c">Salt lake City, Utah</subfield><subfield code="0">(RERO)A014265364</subfield></datafield><datafield ind1="2" ind2=" " tag="711"><subfield code="a">Fall Meeting of Sme Aime (1982 bis 1986)</subfield><subfield code="0">(DE-588)1091903867</subfield></datafield><datafield ind1=" " ind2=" " tag="900"><subfield code="a">REROnoselfmerge</subfield></datafield></record>
</metadata></record>