<record><header><identifier>oai:alma.41SLSP_UGE:991000042799705502</identifier><datestamp>2023-12-13T01:20:20Z</datestamp><setSpec>uge_bcen_RapidILL_BOOK</setSpec><setSpec>uge_aaca_RapidILL_BOOK</setSpec><setSpec>uge_abels_RapidILL_BOOK</setSpec><setSpec>uge_dbu_RapidILL_BOOK</setSpec><setSpec>uge_cmu_RapidILL_BOOK</setSpec><setSpec>uge_mail_RapidILL_BOOK</setSpec><setSpec>uge_abbat_RapidILL_BOOK</setSpec><setSpec>UNIGE_ALL</setSpec><setSpec>uge_aobs_RapidILL_BOOK</setSpec><setSpec>uge_acar_RapidILL_BOOK</setSpec></header><metadata>
<record xmlns="http://www.loc.gov/MARC21/slim" xmlns:xsi="http://www.w3.org/2001/XMLSchema-instance" xsi:schemaLocation="http://www.loc.gov/MARC21/slim http://www.loc.gov/standards/marcxml/schema/MARC21slim.xsd"><leader>01196nam a2200301 c 4500</leader><controlfield tag="001">991000042799705502</controlfield><controlfield tag="005">20231212175200.0</controlfield><controlfield tag="008">961221m19691974gw ||||| |||| 00| ||gmh d</controlfield><datafield ind1=" " ind2=" " tag="020"><subfield code="a">3484200804</subfield><subfield code="q">Bd. 1/Geb.</subfield></datafield><datafield ind1=" " ind2=" " tag="020"><subfield code="a">3484200170</subfield><subfield code="q">Bd. 1/Kart</subfield></datafield><datafield ind1=" " ind2=" " tag="035"><subfield code="a">(swissbib)077286316-41slsp_network</subfield></datafield><datafield ind1=" " ind2=" " tag="035"><subfield code="a">077286316</subfield><subfield code="9">ExL</subfield></datafield><datafield ind1=" " ind2=" " tag="035"><subfield code="a">(RERO)0147149-41slsp</subfield></datafield><datafield ind1=" " ind2=" " tag="035"><subfield code="a">(EXLNZ-41SLSP_NETWORK)991130526409705501</subfield></datafield><datafield ind1=" " ind2=" " tag="040"><subfield code="a">RERO</subfield><subfield code="d">CH-ZuSLS</subfield></datafield><datafield ind1=" " ind2="7" tag="072"><subfield code="a">al</subfield><subfield code="2">rero</subfield></datafield><datafield ind1="0" ind2=" " tag="100"><subfield code="a">Walther von der Vogelweide</subfield><subfield code="d">1170?-1230?</subfield><subfield code="0">(IDREF)029433657</subfield><subfield code="4">aut</subfield></datafield><datafield ind1="1" ind2=" " tag="245"><subfield code="a">&lt;&lt;Die&gt;&gt; Lieder Walthers von der Vogelweide</subfield><subfield code="c">unter Beifuegung erhaltener und erschlossener Melodien neu hrsg. von Friedrich Maurer</subfield></datafield><datafield ind1=" " ind2="1" tag="264"><subfield code="a">Tuebingen</subfield><subfield code="b">M. Niemeyer</subfield><subfield code="c">1969-1974</subfield></datafield><datafield ind1=" " ind2=" " tag="300"><subfield code="a">2 vol.</subfield><subfield code="c">21 cm</subfield></datafield><datafield ind1=" " ind2=" " tag="336"><subfield code="b">txt</subfield><subfield code="2">rdacontent</subfield></datafield><datafield ind1=" " ind2=" " tag="337"><subfield code="b">n</subfield><subfield code="2">rdamedia</subfield></datafield><datafield ind1=" " ind2=" " tag="338"><subfield code="b">nc</subfield><subfield code="2">rdacarrier</subfield></datafield><datafield ind1="1" ind2=" " tag="490"><subfield code="a">Altdeutsche Textbibliothek</subfield><subfield code="v">Nr 43</subfield><subfield code="v">Nr 47</subfield></datafield><datafield ind1="0" ind2="0" tag="505"><subfield code="g">1. Bd:</subfield><subfield code="t">Die religioesen und die politischen Lieder. - 4. durchgesehene Aufl. - 1974. - XV, 88 p.</subfield></datafield><datafield ind1="0" ind2="0" tag="505"><subfield code="g">2. Bd:</subfield><subfield code="t">Die Liebeslieder. - 3. verbesserte Aufl. - 1969. - 174 p.</subfield></datafield><datafield ind1="1" ind2=" " tag="700"><subfield code="a">Maurer, Friedrich</subfield><subfield code="0">(RERO)A003574880</subfield></datafield><datafield ind1=" " ind2="0" tag="830"><subfield code="a">Altdeutsche Textbibliothek</subfield><subfield code="v">43,47</subfield><subfield code="w">(RERO)0037689-41slsp</subfield></datafield><datafield ind1=" " ind2=" " tag="900"><subfield code="a">REROnoselfmerge</subfield></datafield></record>
</metadata></record>