<record><header><identifier>oai:alma.41SLSP_UGE:991000042789705502</identifier><datestamp>2024-10-09T00:12:59Z</datestamp><setSpec>uge_bcen_RapidILL_BOOK</setSpec><setSpec>uge_aaca_RapidILL_BOOK</setSpec><setSpec>uge_abels_RapidILL_BOOK</setSpec><setSpec>uge_dbu_RapidILL_BOOK</setSpec><setSpec>uge_cmu_RapidILL_BOOK</setSpec><setSpec>uge_mail_RapidILL_BOOK</setSpec><setSpec>uge_abbat_RapidILL_BOOK</setSpec><setSpec>UNIGE_ALL</setSpec><setSpec>uge_aobs_RapidILL_BOOK</setSpec><setSpec>uge_acar_RapidILL_BOOK</setSpec></header><metadata>
<record xmlns="http://www.loc.gov/MARC21/slim" xmlns:xsi="http://www.w3.org/2001/XMLSchema-instance" xsi:schemaLocation="http://www.loc.gov/MARC21/slim http://www.loc.gov/standards/marcxml/schema/MARC21slim.xsd"><leader>02206nam a2200625 c 4500</leader><controlfield tag="001">991000042789705502</controlfield><controlfield tag="005">20241008102022.0</controlfield><controlfield tag="008">201011s1991    sz ||||| |||| 00| ||fre d</controlfield><datafield ind1=" " ind2=" " tag="015"><subfield code="a">90,N43,0243</subfield></datafield><datafield ind1=" " ind2=" " tag="020"><subfield code="a">3764325003</subfield><subfield code="q">Schweiz</subfield></datafield><datafield ind1=" " ind2=" " tag="020"><subfield code="a">0817625003</subfield><subfield code="q">Boston</subfield></datafield><datafield ind1=" " ind2=" " tag="035"><subfield code="a">(swissbib)222349603-41slsp_network</subfield></datafield><datafield ind1=" " ind2=" " tag="035"><subfield code="a">222349603</subfield><subfield code="9">ExL</subfield></datafield><datafield ind1=" " ind2=" " tag="035"><subfield code="a">(RERO)1385452-41slsp</subfield></datafield><datafield ind1=" " ind2=" " tag="035"><subfield code="a">(IDSBB)000783087DSV01</subfield></datafield><datafield ind1=" " ind2=" " tag="035"><subfield code="a">(NEBIS)000583254EBI01</subfield></datafield><datafield ind1=" " ind2=" " tag="035"><subfield code="a">(IDSSG)000036237HSB01</subfield></datafield><datafield ind1=" " ind2=" " tag="035"><subfield code="a">(ABN)000006340ABN01</subfield></datafield><datafield ind1=" " ind2=" " tag="035"><subfield code="a">(EXLNZ-41SLSP_NETWORK)991037133899705501</subfield></datafield><datafield ind1=" " ind2=" " tag="040"><subfield code="a">RERO geussm</subfield><subfield code="d">CH-ZuSLS</subfield></datafield><datafield ind1=" " ind2=" " tag="044"><subfield code="a">sz</subfield><subfield code="a">xxu</subfield></datafield><datafield ind1=" " ind2="7" tag="072"><subfield code="a">ma</subfield><subfield code="2">rero</subfield></datafield><datafield ind1=" " ind2="7" tag="072"><subfield code="a">mt</subfield><subfield code="2">SzZuIDS BS/BE</subfield></datafield><datafield ind1="0" ind2="0" tag="082"><subfield code="a">510/.92</subfield><subfield code="a">B</subfield><subfield code="2">20</subfield></datafield><datafield ind1="0" ind2="4" tag="082"><subfield code="a">500</subfield></datafield><datafield ind1="1" ind2="4" tag="082"><subfield code="a">510.92</subfield><subfield code="2">22</subfield></datafield><datafield ind1="1" ind2="4" tag="082"><subfield code="a">510</subfield><subfield code="2">15</subfield></datafield><datafield ind1=" " ind2=" " tag="084"><subfield code="a">01.20</subfield><subfield code="2">msc</subfield></datafield><datafield ind1=" " ind2=" " tag="084"><subfield code="a">SG 361</subfield><subfield code="2">rvk</subfield></datafield><datafield ind1="1" ind2=" " tag="100"><subfield code="6">880-01</subfield><subfield code="a">Weil, André</subfield><subfield code="d">1906-1998</subfield><subfield code="0">(IDREF)031616348</subfield><subfield code="4">cre</subfield></datafield><datafield ind1="1" ind2=" " tag="880"><subfield code="6">100-01</subfield><subfield code="a">Weil, André</subfield><subfield code="d">1906-1998</subfield><subfield code="0">(DE-588)118980963</subfield></datafield><datafield ind1="1" ind2="0" tag="245"><subfield code="a">Souvenirs d'apprentissage</subfield><subfield code="c">André Weil</subfield></datafield><datafield ind1=" " ind2="1" tag="264"><subfield code="a">Bâle</subfield><subfield code="a">Boston [etc.]</subfield><subfield code="b">Birkhäuser</subfield><subfield code="c">1991</subfield></datafield><datafield ind1=" " ind2=" " tag="300"><subfield code="a">201 S.</subfield><subfield code="c">23 cm</subfield><subfield code="b">Ill., Portr.</subfield></datafield><datafield ind1=" " ind2=" " tag="336"><subfield code="b">txt</subfield><subfield code="2">rdacontent</subfield></datafield><datafield ind1=" " ind2=" " tag="337"><subfield code="b">n</subfield><subfield code="2">rdamedia</subfield></datafield><datafield ind1=" " ind2=" " tag="338"><subfield code="b">nc</subfield><subfield code="2">rdacarrier</subfield></datafield><datafield ind1="1" ind2=" " tag="490"><subfield code="a">Vita mathematica</subfield><subfield code="v">vol. 6</subfield></datafield><datafield ind1="1" ind2="7" tag="600"><subfield code="a">Weil, André</subfield><subfield code="d">1906-1998</subfield><subfield code="0">(IDREF)031616348</subfield><subfield code="2">idref</subfield></datafield><datafield ind1="1" ind2="7" tag="600"><subfield code="a">Weil, André</subfield><subfield code="2">idsbb</subfield></datafield><datafield ind1="1" ind2="7" tag="600"><subfield code="a">Weil, André</subfield><subfield code="2">idszbz</subfield></datafield><datafield ind1="1" ind2="0" tag="600"><subfield code="a">Weil, André</subfield><subfield code="d">1906-1998</subfield></datafield><datafield ind1="1" ind2="7" tag="600"><subfield code="a">Weil, André</subfield><subfield code="d">1906-1998</subfield><subfield code="0">(DE-588)118980963</subfield><subfield code="2">gnd</subfield></datafield><datafield ind1=" " ind2="0" tag="650"><subfield code="a">Mathematicians</subfield><subfield code="z">France</subfield><subfield code="v">Biography</subfield></datafield><datafield ind1=" " ind2="0" tag="650"><subfield code="a">Mathematicians</subfield><subfield code="z">France</subfield><subfield code="x">Biography</subfield></datafield><datafield ind1=" " ind2="7" tag="650"><subfield code="a">BIOGRAPHIEN (LEBEN UND WERK)</subfield><subfield code="9">ger</subfield><subfield code="0">(ETHUDK)000036789</subfield><subfield code="2">ethudk</subfield></datafield><datafield ind1=" " ind2="7" tag="650"><subfield code="a">FRANKREICH (WESTEUROPA). FRANZÖSISCHE REPUBLIK</subfield><subfield code="9">ger</subfield><subfield code="0">(ETHUDK)000003272</subfield><subfield code="2">ethudk</subfield></datafield><datafield ind1=" " ind2="7" tag="650"><subfield code="a">MATHEMATIK</subfield><subfield code="9">ger</subfield><subfield code="0">(ETHUDK)000012462</subfield><subfield code="2">ethudk</subfield></datafield><datafield ind1=" " ind2="7" tag="650"><subfield code="a">VEREINIGTE STAATEN VON AMERIKA, USA (NORDAMERIKA)</subfield><subfield code="9">ger</subfield><subfield code="0">(ETHUDK)000007826</subfield><subfield code="2">ethudk</subfield></datafield><datafield ind1=" " ind2="7" tag="650"><subfield code="a">&quot;1906/&quot;</subfield><subfield code="2">ethudk</subfield></datafield><datafield ind1=" " ind2="7" tag="655"><subfield code="a">Biographie</subfield><subfield code="0">(IDREF)027281558</subfield><subfield code="2">idref</subfield></datafield><datafield ind1=" " ind2="7" tag="655"><subfield code="a">Biographie</subfield><subfield code="2">idszbz</subfield></datafield><datafield ind1=" " ind2="7" tag="655"><subfield code="a">Autobiografie</subfield><subfield code="2">gnd-content</subfield></datafield><datafield ind1=" " ind2=" " tag="690"><subfield code="a">51 :92</subfield><subfield code="d">Mathematiker-Biographien</subfield><subfield code="2">uzb-UK</subfield></datafield><datafield ind1=" " ind2=" " tag="830"><subfield code="a">Vita mathematica</subfield><subfield code="v">6</subfield><subfield code="w">(NEBIS)000038353EBI01</subfield></datafield><datafield ind1=" " ind2=" " tag="900"><subfield code="a">REROnoselfmerge</subfield></datafield></record>
</metadata></record>