<record><header><identifier>oai:alma.41SLSP_UGE:991000042289705502</identifier><datestamp>2023-03-19T01:13:32Z</datestamp><setSpec>uge_bcen_RapidILL_BOOK</setSpec><setSpec>uge_aaca_RapidILL_BOOK</setSpec><setSpec>uge_abels_RapidILL_BOOK</setSpec><setSpec>uge_dbu_RapidILL_BOOK</setSpec><setSpec>uge_cmu_RapidILL_BOOK</setSpec><setSpec>uge_mail_RapidILL_BOOK</setSpec><setSpec>uge_abbat_RapidILL_BOOK</setSpec><setSpec>UNIGE_ALL</setSpec><setSpec>uge_aobs_RapidILL_BOOK</setSpec><setSpec>uge_acar_RapidILL_BOOK</setSpec></header><metadata>
<record xmlns="http://www.loc.gov/MARC21/slim" xmlns:xsi="http://www.w3.org/2001/XMLSchema-instance" xsi:schemaLocation="http://www.loc.gov/MARC21/slim http://www.loc.gov/standards/marcxml/schema/MARC21slim.xsd"><leader>03016nam a2200313 c 4500</leader><controlfield tag="001">991000042289705502</controlfield><controlfield tag="005">20230318115100.0</controlfield><controlfield tag="008">040505s1999    gr ||||| |||| 10| ||gre d</controlfield><datafield ind1=" " ind2=" " tag="020"><subfield code="a">9602591005</subfield></datafield><datafield ind1="7" ind2=" " tag="024"><subfield code="a">http://catalogue.bnf.fr/ark:/12148/cb45080429n</subfield><subfield code="2">uri</subfield></datafield><datafield ind1=" " ind2=" " tag="035"><subfield code="a">(swissbib)100548105-41slsp_network</subfield></datafield><datafield ind1=" " ind2=" " tag="035"><subfield code="a">100548105</subfield><subfield code="9">ExL</subfield></datafield><datafield ind1=" " ind2=" " tag="035"><subfield code="a">(RERO)R003630334-41slsp</subfield></datafield><datafield ind1=" " ind2=" " tag="035"><subfield code="a">(EXLNZ-41SLSP_NETWORK)991150370959705501</subfield></datafield><datafield ind1=" " ind2=" " tag="040"><subfield code="a">RERO geulgm</subfield><subfield code="d">CH-ZuSLS</subfield></datafield><datafield ind1=" " ind2="7" tag="072"><subfield code="a">gr</subfield><subfield code="2">rero</subfield></datafield><datafield ind1="0" ind2="0" tag="245"><subfield code="6">880-01</subfield><subfield code="a">&lt;&lt;Ho&gt;&gt; polemos tou 1897</subfield><subfield code="b">diēmero me tēn eukairia tōn 100 chronōn : (4 kai 5 Dekemvriou 1997)</subfield><subfield code="c">Etaireia spoudōn neoellēnikou politismou kai genikēs paideias</subfield></datafield><datafield ind1="0" ind2="0" tag="880"><subfield code="6">245-01/(S</subfield><subfield code="a">&lt;&lt;Ο&gt;&gt; πόλεμος του 1897</subfield><subfield code="b">διήμερο με την ευκαιρία των 100 χρονών : (4 και 5 Δεκεμβρίου 1997)</subfield><subfield code="c">Εταιρεία σπουδών νεοελληνικού πολιτισμού και γενικής παιδείας</subfield></datafield><datafield ind1="1" ind2=" " tag="246"><subfield code="a">Polemos tou 1897</subfield><subfield code="b">dii̲mero me ti̲n ef̲kairia to̲n 100 chrono̲n : (4 kai 5 dekemvriou 1997) / Etaireia spoudo̲n neoelli̲nikou politismou kai geniki̲s paideias</subfield></datafield><datafield ind1=" " ind2="1" tag="264"><subfield code="6">880-02</subfield><subfield code="a">Athi̲na</subfield><subfield code="b">Poreia</subfield><subfield code="c">1999</subfield></datafield><datafield ind1=" " ind2="1" tag="880"><subfield code="6">264-02/(S</subfield><subfield code="a">Αθήνα</subfield><subfield code="b">Πορεία</subfield><subfield code="c">1999</subfield></datafield><datafield ind1=" " ind2=" " tag="300"><subfield code="a">250 p.</subfield><subfield code="c">21 cm</subfield></datafield><datafield ind1=" " ind2=" " tag="336"><subfield code="b">txt</subfield><subfield code="2">rdacontent</subfield></datafield><datafield ind1=" " ind2=" " tag="337"><subfield code="b">n</subfield><subfield code="2">rdamedia</subfield></datafield><datafield ind1=" " ind2=" " tag="338"><subfield code="b">nc</subfield><subfield code="2">rdacarrier</subfield></datafield><datafield ind1=" " ind2="7" tag="650"><subfield code="a">Guerre gréco-turque (1897)</subfield><subfield code="0">(IDREF)02872772X</subfield><subfield code="2">idref</subfield></datafield><datafield ind1=" " ind2="7" tag="655"><subfield code="a">Actes de congrès</subfield><subfield code="0">(IDREF)02886431X</subfield><subfield code="2">idref</subfield></datafield><datafield ind1="2" ind2=" " tag="710"><subfield code="6">880-03</subfield><subfield code="a">Hetaireia Spoudōn Neoellēnikou Politismou kai Genikēs Paideias</subfield><subfield code="b">Diēmero</subfield><subfield code="d">1997</subfield><subfield code="c">Athēna</subfield><subfield code="0">(RERO)A025941991</subfield></datafield><datafield ind1="2" ind2=" " tag="880"><subfield code="6">710-03/(S</subfield><subfield code="a">Εταιρεία Σπουδών Νεοελληνικού Πολιτισμού και Γενικής Παιδείας</subfield><subfield code="b">Διήμερο</subfield><subfield code="d">1997</subfield><subfield code="c">Αθήνα</subfield></datafield><datafield ind1=" " ind2=" " tag="900"><subfield code="a">REROnoselfmerge</subfield></datafield></record>
</metadata></record>