<record><header><identifier>oai:alma.41SLSP_UGE:991000042189705502</identifier><datestamp>2023-03-01T01:08:48Z</datestamp><setSpec>uge_bcen_RapidILL_BOOK</setSpec><setSpec>uge_aaca_RapidILL_BOOK</setSpec><setSpec>uge_abels_RapidILL_BOOK</setSpec><setSpec>uge_dbu_RapidILL_BOOK</setSpec><setSpec>uge_cmu_RapidILL_BOOK</setSpec><setSpec>uge_mail_RapidILL_BOOK</setSpec><setSpec>UNIGE_ALL</setSpec><setSpec>uge_abbat_RapidILL_BOOK</setSpec><setSpec>uge_acar_RapidILL_BOOK</setSpec><setSpec>uge_aobs_RapidILL_BOOK</setSpec></header><metadata>
<record xmlns="http://www.loc.gov/MARC21/slim" xmlns:xsi="http://www.w3.org/2001/XMLSchema-instance" xsi:schemaLocation="http://www.loc.gov/MARC21/slim http://www.loc.gov/standards/marcxml/schema/MARC21slim.xsd"><leader>01543nam a2200349 c 4500</leader><controlfield tag="001">991000042189705502</controlfield><controlfield tag="005">20230120192549.0</controlfield><controlfield tag="008">000817s1985    fr ||||| |||| 00| ||fre d</controlfield><datafield ind1=" " ind2=" " tag="020"><subfield code="a">2859392580</subfield></datafield><datafield ind1=" " ind2=" " tag="035"><subfield code="a">(swissbib)080286674-41slsp_network</subfield></datafield><datafield ind1=" " ind2=" " tag="035"><subfield code="a">080286674</subfield><subfield code="9">ExL</subfield></datafield><datafield ind1=" " ind2=" " tag="035"><subfield code="a">(RERO)0641430-41slsp</subfield></datafield><datafield ind1=" " ind2=" " tag="035"><subfield code="a">(EXLNZ-41SLSP_NETWORK)991006551259705501</subfield></datafield><datafield ind1=" " ind2=" " tag="040"><subfield code="a">RERO labcud</subfield><subfield code="d">CH-ZuSLS</subfield></datafield><datafield ind1="1" ind2=" " tag="041"><subfield code="a">fre</subfield><subfield code="h">ger</subfield></datafield><datafield ind1=" " ind2="7" tag="072"><subfield code="a">hs</subfield><subfield code="2">rero</subfield></datafield><datafield ind1="1" ind2=" " tag="100"><subfield code="a">Humboldt, Wilhelm von</subfield><subfield code="d">1767-1835</subfield><subfield code="0">(IDREF)027382877</subfield><subfield code="4">cre</subfield></datafield><datafield ind1="1" ind2="0" tag="245"><subfield code="a">Considérations sur l'histoire mondiale</subfield><subfield code="b">; Considérations sur les causes motrices dans l'histoire mondiale ; La tâche de l'historien</subfield><subfield code="c">G. de Humboldt ; trad. d'Annette Disselkamp et André Laks ; précédée d'une introd. de Jean Quillien ; et annotée par André Laks</subfield></datafield><datafield ind1=" " ind2="1" tag="264"><subfield code="a">Villeneuve d'Ascq</subfield><subfield code="b">Presses univ. de Lille</subfield><subfield code="c">1985</subfield></datafield><datafield ind1=" " ind2=" " tag="300"><subfield code="a">101 p.</subfield><subfield code="c">20 cm</subfield></datafield><datafield ind1=" " ind2=" " tag="336"><subfield code="b">txt</subfield><subfield code="2">rdacontent</subfield></datafield><datafield ind1=" " ind2=" " tag="337"><subfield code="b">n</subfield><subfield code="2">rdamedia</subfield></datafield><datafield ind1=" " ind2=" " tag="338"><subfield code="b">nc</subfield><subfield code="2">rdacarrier</subfield></datafield><datafield ind1="1" ind2=" " tag="490"><subfield code="a">Opuscules</subfield><subfield code="v">1</subfield></datafield><datafield ind1=" " ind2="7" tag="650"><subfield code="a">Histoire</subfield><subfield code="0">(IDREF)02726470X</subfield><subfield code="2">idref</subfield></datafield><datafield ind1=" " ind2="7" tag="655"><subfield code="a">[Études diverses]</subfield><subfield code="0">(RERO)A022249905</subfield><subfield code="2">rero</subfield></datafield><datafield ind1="1" ind2=" " tag="700"><subfield code="a">Disselkamp, Annette</subfield><subfield code="d">1959-....</subfield><subfield code="0">(IDREF)071479007</subfield></datafield><datafield ind1="1" ind2=" " tag="700"><subfield code="a">Laks, André</subfield><subfield code="d">1950-....</subfield><subfield code="0">(IDREF)026961539</subfield></datafield><datafield ind1="1" ind2=" " tag="700"><subfield code="a">Quillien, Jean</subfield><subfield code="d">1936-....</subfield><subfield code="0">(IDREF)027086321</subfield></datafield><datafield ind1="1" ind2="2" tag="700"><subfield code="a">Humboldt, Wilhelm von</subfield><subfield code="d">1767-1835</subfield><subfield code="t">Considérations sur les causes motrices dans l'histoire mondiale</subfield></datafield><datafield ind1="1" ind2="2" tag="700"><subfield code="a">Humboldt, Wilhelm von</subfield><subfield code="d">1767-1835</subfield><subfield code="t">&lt;&lt;La&gt;&gt; tâche de l'historien</subfield></datafield><datafield ind1=" " ind2=" " tag="830"><subfield code="a">Opuscule</subfield><subfield code="p">Presses univ. de Lille</subfield><subfield code="v">1</subfield><subfield code="w">(RERO)0843485-41slsp</subfield></datafield><datafield ind1=" " ind2=" " tag="900"><subfield code="a">REROnoselfmerge</subfield></datafield></record>
</metadata></record>