<record><header><identifier>oai:alma.41SLSP_UGE:991000042709705502</identifier><datestamp>2023-04-04T00:37:01Z</datestamp><setSpec>uge_bcen_RapidILL_BOOK</setSpec><setSpec>uge_aaca_RapidILL_BOOK</setSpec><setSpec>uge_abels_RapidILL_BOOK</setSpec><setSpec>uge_dbu_RapidILL_BOOK</setSpec><setSpec>uge_cmu_RapidILL_BOOK</setSpec><setSpec>uge_mail_RapidILL_BOOK</setSpec><setSpec>uge_abbat_RapidILL_BOOK</setSpec><setSpec>UNIGE_ALL</setSpec><setSpec>uge_aobs_RapidILL_BOOK</setSpec><setSpec>uge_acar_RapidILL_BOOK</setSpec></header><metadata>
<record xmlns="http://www.loc.gov/MARC21/slim" xmlns:xsi="http://www.w3.org/2001/XMLSchema-instance" xsi:schemaLocation="http://www.loc.gov/MARC21/slim http://www.loc.gov/standards/marcxml/schema/MARC21slim.xsd"><leader>01190naa a22002652c 4500</leader><controlfield tag="001">991000042709705502</controlfield><controlfield tag="005">20230403150048.0</controlfield><controlfield tag="008">201011s1905    sz            00| | ger|d</controlfield><datafield ind1=" " ind2=" " tag="035"><subfield code="a">(swissbib)232609497-41slsp_network</subfield></datafield><datafield ind1=" " ind2=" " tag="035"><subfield code="a">232609497</subfield><subfield code="9">ExL</subfield></datafield><datafield ind1=" " ind2=" " tag="035"><subfield code="a">(IDSBB)004831500DSV01</subfield></datafield><datafield ind1=" " ind2=" " tag="035"><subfield code="a">(RERO)R004113133-41slsp</subfield></datafield><datafield ind1=" " ind2=" " tag="035"><subfield code="a">(EXLNZ-41SLSP_NETWORK)991095631959705501</subfield></datafield><datafield ind1=" " ind2=" " tag="040"><subfield code="a">RERO geussc</subfield><subfield code="e">kids</subfield><subfield code="d">CH-ZuSLS</subfield></datafield><datafield ind1=" " ind2=" " tag="044"><subfield code="a">sz</subfield><subfield code="c">ch-be</subfield></datafield><datafield ind1=" " ind2="7" tag="072"><subfield code="a">zo</subfield><subfield code="2">rero</subfield></datafield><datafield ind1="1" ind2=" " tag="100"><subfield code="6">880-01</subfield><subfield code="a">Volz, Walter</subfield><subfield code="d">1875-1907</subfield><subfield code="0">(DE-588)11770508X</subfield></datafield><datafield ind1="1" ind2=" " tag="880"><subfield code="6">100-01</subfield><subfield code="a">Volz, Walter</subfield><subfield code="0">(IDREF)117728357</subfield><subfield code="4">cre</subfield></datafield><datafield ind1="1" ind2="0" tag="245"><subfield code="a">Ueber die Salangane (Collocalia fuciphaga Thunb.)</subfield><subfield code="c">von Walter Volz</subfield></datafield><datafield ind1=" " ind2=" " tag="336"><subfield code="b">txt</subfield><subfield code="2">rdacontent</subfield></datafield><datafield ind1=" " ind2=" " tag="337"><subfield code="b">n</subfield><subfield code="2">rdamedia</subfield></datafield><datafield ind1=" " ind2=" " tag="338"><subfield code="b">nc</subfield><subfield code="2">rdacarrier</subfield></datafield><datafield ind1=" " ind2=" " tag="500"><subfield code="a">Zugl. erschienen als Sonderdruck</subfield></datafield><datafield ind1=" " ind2=" " tag="580"><subfield code="a">In: Der ornithologische Beobachter. - Bern. - 1905, H. 10, 8 p.</subfield></datafield><datafield ind1="0" ind2=" " tag="773"><subfield code="t">Ornithologische Beobachter : Monatsberichte für Vogelkunde und Vogelschutz : offizielles Organ der ALA Schweizer. Gesellschaft für Vogelkunde und Vogelschutz = L'ornithologiste : organe officiel de l'ALA Société suisse pour l'étude des oiseaux et leur protection</subfield><subfield code="g">1905/10</subfield><subfield code="g">yr:1905</subfield><subfield code="w">991091087209705501</subfield></datafield><datafield ind1=" " ind2=" " tag="900"><subfield code="a">REROnoselfmerge</subfield></datafield></record>
</metadata></record>