<record><header><identifier>oai:alma.41SLSP_UGE:991000042599705502</identifier><datestamp>2023-03-01T01:08:48Z</datestamp><setSpec>uge_bcen_RapidILL_BOOK</setSpec><setSpec>uge_aaca_RapidILL_BOOK</setSpec><setSpec>uge_abels_RapidILL_BOOK</setSpec><setSpec>uge_dbu_RapidILL_BOOK</setSpec><setSpec>uge_cmu_RapidILL_BOOK</setSpec><setSpec>uge_mail_RapidILL_BOOK</setSpec><setSpec>UNIGE_ALL</setSpec><setSpec>uge_abbat_RapidILL_BOOK</setSpec><setSpec>uge_aobs_RapidILL_BOOK</setSpec><setSpec>uge_acar_RapidILL_BOOK</setSpec></header><metadata>
<record xmlns="http://www.loc.gov/MARC21/slim" xmlns:xsi="http://www.w3.org/2001/XMLSchema-instance" xsi:schemaLocation="http://www.loc.gov/MARC21/slim http://www.loc.gov/standards/marcxml/schema/MARC21slim.xsd"><leader>03073nam a2200301 c 4500</leader><controlfield tag="001">991000042599705502</controlfield><controlfield tag="005">20230213194321.0</controlfield><controlfield tag="008">030127s2002    be ||||| |||| 00| ||fre d</controlfield><datafield ind1=" " ind2=" " tag="020"><subfield code="a">2872096736</subfield><subfield code="q">AcademiaBruylant</subfield></datafield><datafield ind1=" " ind2=" " tag="020"><subfield code="a">2747524094</subfield><subfield code="q">Harmattan</subfield></datafield><datafield ind1=" " ind2=" " tag="035"><subfield code="a">(swissbib)098594354-41slsp_network</subfield></datafield><datafield ind1=" " ind2=" " tag="035"><subfield code="a">098594354</subfield><subfield code="9">ExL</subfield></datafield><datafield ind1=" " ind2=" " tag="035"><subfield code="a">(RERO)R003302109-41slsp</subfield></datafield><datafield ind1=" " ind2=" " tag="035"><subfield code="a">(EXLNZ-41SLSP_NETWORK)991111435279705501</subfield></datafield><datafield ind1=" " ind2=" " tag="040"><subfield code="a">RERO geuses</subfield><subfield code="d">CH-ZuSLS</subfield></datafield><datafield ind1=" " ind2="7" tag="072"><subfield code="a">ss</subfield><subfield code="2">rero</subfield></datafield><datafield ind1="1" ind2=" " tag="100"><subfield code="a">Peemans, Jean-Philippe</subfield><subfield code="0">(IDREF)02878622X</subfield><subfield code="4">cre</subfield></datafield><datafield ind1="1" ind2="0" tag="245"><subfield code="a">&lt;&lt;Le&gt;&gt; développement des peuples face à la modernisation du monde</subfield><subfield code="b">essai sur les rapports entre l'évolution des théories du développement et les histoires du &quot;développement réel&quot; dans la seconde moitié du XXe siècle</subfield><subfield code="c">Jean-Philippe Peemans</subfield></datafield><datafield ind1=" " ind2="1" tag="264"><subfield code="a">Louvain-la-Neuve</subfield><subfield code="b">Academia-Bruylant</subfield><subfield code="a">Paris</subfield><subfield code="b">L'Harmattan</subfield><subfield code="c">2002</subfield></datafield><datafield ind1=" " ind2=" " tag="300"><subfield code="a">534 p.</subfield><subfield code="c">24 cm</subfield></datafield><datafield ind1=" " ind2=" " tag="336"><subfield code="b">txt</subfield><subfield code="2">rdacontent</subfield></datafield><datafield ind1=" " ind2=" " tag="337"><subfield code="b">n</subfield><subfield code="2">rdamedia</subfield></datafield><datafield ind1=" " ind2=" " tag="338"><subfield code="b">nc</subfield><subfield code="2">rdacarrier</subfield></datafield><datafield ind1="1" ind2=" " tag="490"><subfield code="a">Population et développement</subfield><subfield code="v">no 10</subfield></datafield><datafield ind1="8" ind2=" " tag="520"><subfield code="a">Extrait de la couverture : &quot;Ce livre est un essai sur l'évolution de la pensée concernant le développement de la seconde moitié du XXe siècle, mise en rapport avec l'évolution de son contexte historique. L'axe majeur de cet ouvrage est de montrer qu'on ne peut comprendre le processus de formation de la pensée sur le développement ni la diversité de ses orientations, que si on la resitue dans une périodisation qui correspond aux inflexions du contexte historique dans laquelle elle s'est déployée, et aux conflits d'acteurs qui ont marqué ces différentes périodes. Il s'agit en quelque sorte de situer les discours sur le développement et leurs avatars pratiques par rapport aux vicissitudes du &quot;développement réel&quot;. Les premiers chapitres présentent la formation et l'évolution des premiers grands courants théoriques, leurs affrontements et leurs rapports avec l'évolution de la conjoncture historique. Ces 5 chapitres couvrent la période 1945-1980. Les chapitres suivants sont consacrés à l'analyse du contexte qui a permis l'imposition du paradigme néo-libéral au début des années 1980, à l'influence massive de ce dernier sur la manière de repenser les politiques de développement, ainsi que l'impact de ces politiques sur les différentes régions du Sud et sur les rapports Nord-Sud dans les années 1980-1990. Les derniers chapitres sont centrés sur quelques enjeux majeurs des conflits d'acteurs au cœur des péripéties contemporaines du &quot;développement réel&quot;. Ils montrent aussi l'importance d'une approche historique de longue période pour saisir la nature de ces conflits et leur permanence à travers le temps. Ils cherchent enfin à situer les dimensions d'un autre regard sur le développement, non seulement en terme de reconstruction théorique, mais aussi en terme d'action politique.&quot;</subfield><subfield code="5">RERO/geiued/12.2005</subfield></datafield><datafield ind1=" " ind2="7" tag="650"><subfield code="a">Développement</subfield><subfield code="0">(IDREF)028646525</subfield><subfield code="2">idref</subfield></datafield><datafield ind1=" " ind2="7" tag="650"><subfield code="a">20e siècle (2e moitié)</subfield><subfield code="0">(RERO)A022488830</subfield><subfield code="2">rero</subfield></datafield><datafield ind1=" " ind2="0" tag="830"><subfield code="a">Population et développement</subfield><subfield code="v">10</subfield></datafield><datafield ind1=" " ind2=" " tag="900"><subfield code="a">REROnoselfmerge</subfield></datafield></record>
</metadata></record>