<record><header><identifier>oai:alma.41SLSP_UGE:991000042929705502</identifier><datestamp>2023-03-01T01:08:48Z</datestamp><setSpec>uge_bcen_RapidILL_BOOK</setSpec><setSpec>uge_aaca_RapidILL_BOOK</setSpec><setSpec>uge_abels_RapidILL_BOOK</setSpec><setSpec>uge_dbu_RapidILL_BOOK</setSpec><setSpec>uge_cmu_RapidILL_BOOK</setSpec><setSpec>uge_mail_RapidILL_BOOK</setSpec><setSpec>UNIGE_ALL</setSpec><setSpec>uge_abbat_RapidILL_BOOK</setSpec><setSpec>uge_aobs_RapidILL_BOOK</setSpec><setSpec>uge_acar_RapidILL_BOOK</setSpec></header><metadata>
<record xmlns="http://www.loc.gov/MARC21/slim" xmlns:xsi="http://www.w3.org/2001/XMLSchema-instance" xsi:schemaLocation="http://www.loc.gov/MARC21/slim http://www.loc.gov/standards/marcxml/schema/MARC21slim.xsd"><leader>01852nam a2200445 c 4500</leader><controlfield tag="001">991000042929705502</controlfield><controlfield tag="005">20230216205315.0</controlfield><controlfield tag="008">201012s2006    xxk||||| |||| 00| ||eng d</controlfield><datafield ind1=" " ind2=" " tag="020"><subfield code="a">9780470015773</subfield></datafield><datafield ind1=" " ind2=" " tag="020"><subfield code="a">0470015772</subfield></datafield><datafield ind1=" " ind2=" " tag="035"><subfield code="a">(swissbib)242179983-41slsp_network</subfield></datafield><datafield ind1=" " ind2=" " tag="035"><subfield code="a">242179983</subfield><subfield code="9">ExL</subfield></datafield><datafield ind1=" " ind2=" " tag="035"><subfield code="a">(RERO)R004396378-41slsp</subfield></datafield><datafield ind1=" " ind2=" " tag="035"><subfield code="a">(NEBIS)005648800EBI01</subfield></datafield><datafield ind1=" " ind2=" " tag="035"><subfield code="a">(EXLNZ-41SLSP_NETWORK)991078320219705501</subfield></datafield><datafield ind1=" " ind2=" " tag="040"><subfield code="a">RERO geuses</subfield><subfield code="d">CH-ZuSLS</subfield></datafield><datafield ind1=" " ind2="7" tag="072"><subfield code="a">se</subfield><subfield code="2">rero</subfield></datafield><datafield ind1="1" ind2=" " tag="100"><subfield code="a">Kast, Robert</subfield><subfield code="d">1948-....</subfield><subfield code="0">(IDREF)030974348</subfield><subfield code="4">cre</subfield></datafield><datafield ind1="1" ind2="0" tag="245"><subfield code="a">Economics and finance of risk and of the future</subfield><subfield code="c">Robert Kast and André Lapied</subfield></datafield><datafield ind1=" " ind2="1" tag="264"><subfield code="a">Chichester</subfield><subfield code="b">J. Wiley</subfield><subfield code="c">2006</subfield></datafield><datafield ind1=" " ind2=" " tag="300"><subfield code="a">232 p.</subfield><subfield code="b">ill.</subfield></datafield><datafield ind1=" " ind2=" " tag="336"><subfield code="b">txt</subfield><subfield code="2">rdacontent</subfield></datafield><datafield ind1=" " ind2=" " tag="337"><subfield code="b">n</subfield><subfield code="2">rdamedia</subfield></datafield><datafield ind1=" " ind2=" " tag="338"><subfield code="b">nc</subfield><subfield code="2">rdacarrier</subfield></datafield><datafield ind1="0" ind2=" " tag="490"><subfield code="a">Wiley Finance Series</subfield></datafield><datafield ind1=" " ind2="7" tag="650"><subfield code="a">Risque</subfield><subfield code="0">(IDREF)027821455</subfield><subfield code="2">idref</subfield></datafield><datafield ind1=" " ind2="7" tag="650"><subfield code="a">Économie politique</subfield><subfield code="0">(IDREF)027790479</subfield><subfield code="2">idref</subfield></datafield><datafield ind1=" " ind2="7" tag="650"><subfield code="a">Gestion d'entreprise</subfield><subfield code="0">(IDREF)027228096</subfield><subfield code="2">idref</subfield></datafield><datafield ind1=" " ind2="4" tag="650"><subfield code="a">Risk Management</subfield></datafield><datafield ind1=" " ind2="4" tag="650"><subfield code="a">Wirtschaftliche Entwicklung</subfield></datafield><datafield ind1=" " ind2="4" tag="650"><subfield code="a">Risiko</subfield></datafield><datafield ind1=" " ind2="7" tag="650"><subfield code="a">RISIKOMANAGEMENT (BETRIEBSWIRTSCHAFT)</subfield><subfield code="9">ger</subfield><subfield code="0">(ETHUDK)000032219</subfield><subfield code="2">ethudk</subfield></datafield><datafield ind1=" " ind2="7" tag="650"><subfield code="a">WIRTSCHAFTSENTWICKLUNG</subfield><subfield code="9">ger</subfield><subfield code="0">(ETHUDK)000010326</subfield><subfield code="2">ethudk</subfield></datafield><datafield ind1=" " ind2="7" tag="650"><subfield code="a">WIRTSCHAFTSPOLITISCHE INSTRUMENTE UND MASSNAHMEN</subfield><subfield code="9">ger</subfield><subfield code="0">(ETHUDK)000010758</subfield><subfield code="2">ethudk</subfield></datafield><datafield ind1="1" ind2=" " tag="700"><subfield code="a">Lapied, André</subfield><subfield code="d">19..-....</subfield><subfield code="0">(IDREF)029138442</subfield></datafield><datafield ind1="4" ind2=" " tag="856"><subfield code="3">Titelblatt und Inhaltsverzeichnis</subfield><subfield code="u">https://toc.library.ethz.ch/objects/pdf/e01_978-0-470-01577-3_01.pdf</subfield><subfield code="q">pdf</subfield></datafield><datafield ind1="4" ind2=" " tag="856"><subfield code="3">Abstract / Autoreninformation</subfield><subfield code="u">https://toc.library.ethz.ch/objects/pdf/e01_978-0-470-01577-3_02.pdf</subfield><subfield code="q">pdf</subfield></datafield><datafield ind1=" " ind2=" " tag="900"><subfield code="a">REROnoselfmerge</subfield></datafield><datafield ind1=" " ind2=" " tag="900"><subfield code="a">IDSERETH-BIBUBS-MARC</subfield></datafield><datafield ind1=" " ind2=" " tag="949"><subfield code="a">https://toc.library.ethz.ch/objects/pdf/e01_978-0-470-01577-3_01.pdf</subfield></datafield><datafield ind1=" " ind2=" " tag="949"><subfield code="a">https://toc.library.ethz.ch/objects/pdf/e01_978-0-470-01577-3_02.pdf</subfield></datafield></record>
</metadata></record>