<record><header><identifier>oai:alma.41SLSP_UGE:991000042919705502</identifier><datestamp>2023-03-01T01:08:48Z</datestamp><setSpec>uge_bcen_RapidILL_BOOK</setSpec><setSpec>uge_aaca_RapidILL_BOOK</setSpec><setSpec>uge_abels_RapidILL_BOOK</setSpec><setSpec>uge_dbu_RapidILL_BOOK</setSpec><setSpec>uge_cmu_RapidILL_BOOK</setSpec><setSpec>uge_mail_RapidILL_BOOK</setSpec><setSpec>UNIGE_ALL</setSpec><setSpec>uge_abbat_RapidILL_BOOK</setSpec><setSpec>uge_acar_RapidILL_BOOK</setSpec><setSpec>uge_aobs_RapidILL_BOOK</setSpec></header><metadata>
<record xmlns="http://www.loc.gov/MARC21/slim" xmlns:xsi="http://www.w3.org/2001/XMLSchema-instance" xsi:schemaLocation="http://www.loc.gov/MARC21/slim http://www.loc.gov/standards/marcxml/schema/MARC21slim.xsd"><leader>02667nam a2200673 c 4500</leader><controlfield tag="001">991000042919705502</controlfield><controlfield tag="005">20230121201744.0</controlfield><controlfield tag="008">201012s1986    xxu||||| |||| 00| ||eng d</controlfield><datafield ind1=" " ind2=" " tag="020"><subfield code="a">0877547092</subfield></datafield><datafield ind1=" " ind2=" " tag="020"><subfield code="a">9780877547099</subfield></datafield><datafield ind1=" " ind2=" " tag="035"><subfield code="a">(swissbib)239733878-41slsp_network</subfield></datafield><datafield ind1=" " ind2=" " tag="035"><subfield code="a">239733878</subfield><subfield code="9">ExL</subfield></datafield><datafield ind1=" " ind2=" " tag="035"><subfield code="a">(RERO)1263034-41slsp</subfield></datafield><datafield ind1=" " ind2=" " tag="035"><subfield code="a">(NEBIS)003602771EBI01</subfield></datafield><datafield ind1=" " ind2=" " tag="035"><subfield code="a">(OCoLC)230843092</subfield></datafield><datafield ind1=" " ind2=" " tag="035"><subfield code="a">(EXLNZ-41SLSP_NETWORK)991136628169705501</subfield></datafield><datafield ind1=" " ind2=" " tag="040"><subfield code="a">RERO geulan</subfield><subfield code="d">CH-ZuSLS</subfield></datafield><datafield ind1=" " ind2="7" tag="072"><subfield code="a">an</subfield><subfield code="2">rero</subfield></datafield><datafield ind1="0" ind2="0" tag="082"><subfield code="a">811/.5/09</subfield><subfield code="2">19</subfield></datafield><datafield ind1="0" ind2="0" tag="245"><subfield code="a">Contemporary poets</subfield><subfield code="c">ed. with an introd. by Harold Bloom</subfield></datafield><datafield ind1=" " ind2="1" tag="264"><subfield code="a">New York</subfield><subfield code="a">New Haven [etc.]</subfield><subfield code="b">Chelsea House Publ.</subfield><subfield code="c">1986</subfield></datafield><datafield ind1=" " ind2=" " tag="300"><subfield code="a">XII, 483 p.</subfield><subfield code="c">25 cm</subfield></datafield><datafield ind1=" " ind2=" " tag="336"><subfield code="b">txt</subfield><subfield code="2">rdacontent</subfield></datafield><datafield ind1=" " ind2=" " tag="337"><subfield code="b">n</subfield><subfield code="2">rdamedia</subfield></datafield><datafield ind1=" " ind2=" " tag="338"><subfield code="b">nc</subfield><subfield code="2">rdacarrier</subfield></datafield><datafield ind1="1" ind2=" " tag="490"><subfield code="a">Modern critical views</subfield></datafield><datafield ind1=" " ind2=" " tag="500"><subfield code="a">Includes bibliographies and index</subfield></datafield><datafield ind1=" " ind2=" " tag="500"><subfield code="a">Summary: Criticial essays on the works of twenty-eight modern American poets</subfield></datafield><datafield ind1="1" ind2="0" tag="600"><subfield code="a">Ammons, A. R</subfield><subfield code="d">1926-2001</subfield><subfield code="x">Criticism and interpretation</subfield></datafield><datafield ind1="1" ind2="0" tag="600"><subfield code="a">Ashbery, John</subfield><subfield code="x">Criticism and interpretation</subfield></datafield><datafield ind1="1" ind2="0" tag="600"><subfield code="a">Baraka, Amiri</subfield><subfield code="d">1934-2014</subfield></datafield><datafield ind1="1" ind2="0" tag="600"><subfield code="a">Bishop, Elizabeth</subfield><subfield code="d">1911-1979</subfield><subfield code="x">Criticism and interpretation</subfield></datafield><datafield ind1="1" ind2="0" tag="600"><subfield code="a">Brooks, Gwendolyn</subfield><subfield code="d">1917-2000</subfield><subfield code="x">Criticism and interpretation</subfield></datafield><datafield ind1="1" ind2="0" tag="600"><subfield code="a">Dickey, James</subfield><subfield code="x">Criticism and interpretation</subfield></datafield><datafield ind1="1" ind2="0" tag="600"><subfield code="a">Duncan, Robert</subfield><subfield code="d">1919-1988</subfield></datafield><datafield ind1="1" ind2="0" tag="600"><subfield code="a">Fitzgerald, Robert</subfield><subfield code="d">1910-1985</subfield></datafield><datafield ind1="1" ind2="0" tag="600"><subfield code="a">Ginsberg, Allen</subfield><subfield code="d">1926-1997</subfield><subfield code="x">Criticism and interpretation</subfield></datafield><datafield ind1="1" ind2="0" tag="600"><subfield code="a">Kinnell, Galway</subfield><subfield code="d">1927-2014</subfield></datafield><datafield ind1="1" ind2="0" tag="600"><subfield code="a">Koch, Kenneth</subfield><subfield code="d">1925-2002</subfield></datafield><datafield ind1="1" ind2="0" tag="600"><subfield code="a">Levertov, Denise</subfield><subfield code="d">1923-1997</subfield></datafield><datafield ind1="1" ind2="0" tag="600"><subfield code="a">Rich, Adrienne Cecile</subfield><subfield code="x">Criticism and interpretation</subfield></datafield><datafield ind1="1" ind2="0" tag="600"><subfield code="a">Warren, Robert Penn</subfield><subfield code="d">1905-1989</subfield><subfield code="x">Criticism and interpretation</subfield></datafield><datafield ind1="1" ind2="0" tag="600"><subfield code="a">Wilbur, Richard</subfield><subfield code="d">1921-</subfield></datafield><datafield ind1="1" ind2="0" tag="600"><subfield code="a">Wright, James</subfield><subfield code="d">1927-1980</subfield></datafield><datafield ind1=" " ind2="7" tag="648"><subfield code="a">Geschichte 1900-1985</subfield><subfield code="2">gnd</subfield></datafield><datafield ind1=" " ind2="7" tag="648"><subfield code="a">Geschichte 1930-1985</subfield><subfield code="2">gnd</subfield></datafield><datafield ind1=" " ind2="7" tag="650"><subfield code="a">20e siècle</subfield><subfield code="0">(IDREF)086305646</subfield><subfield code="2">idref</subfield></datafield><datafield ind1=" " ind2="7" tag="650"><subfield code="a">Poésie américaine</subfield><subfield code="0">(IDREF)027792722</subfield><subfield code="2">idref</subfield></datafield><datafield ind1=" " ind2="7" tag="650"><subfield code="a">Lyrik</subfield><subfield code="0">(DE-588)4036774-5</subfield><subfield code="2">gnd</subfield></datafield><datafield ind1=" " ind2="7" tag="650"><subfield code="a">Wörterbuch</subfield><subfield code="0">(DE-588)4066724-8</subfield><subfield code="2">gnd</subfield></datafield><datafield ind1=" " ind2="7" tag="650"><subfield code="a">Englisch</subfield><subfield code="0">(DE-588)4014777-0</subfield><subfield code="2">gnd</subfield></datafield><datafield ind1=" " ind2="0" tag="650"><subfield code="a">American poetry</subfield><subfield code="y">20th century</subfield><subfield code="x">History and criticism</subfield></datafield><datafield ind1=" " ind2="7" tag="651"><subfield code="a">USA</subfield><subfield code="0">(DE-588)4078704-7</subfield><subfield code="2">gnd</subfield></datafield><datafield ind1=" " ind2="7" tag="655"><subfield code="a">[Études diverses]</subfield><subfield code="0">(RERO)A022249905</subfield><subfield code="2">rero</subfield></datafield><datafield ind1=" " ind2="7" tag="655"><subfield code="a">Aufsatzsammlung</subfield><subfield code="2">gnd-content</subfield></datafield><datafield ind1="1" ind2=" " tag="700"><subfield code="a">Bloom, Harold</subfield><subfield code="d">1930-2019</subfield><subfield code="0">(DE-588)119176602</subfield><subfield code="6">880-02</subfield></datafield><datafield ind1="1" ind2=" " tag="880"><subfield code="6">700-02</subfield><subfield code="a">Bloom, Harold</subfield><subfield code="d">1930-2019</subfield><subfield code="0">(IDREF)028440951</subfield></datafield><datafield ind1=" " ind2=" " tag="830"><subfield code="a">Modern critical views</subfield><subfield code="w">(RERO)0765367-41slsp</subfield></datafield><datafield ind1=" " ind2=" " tag="900"><subfield code="a">REROnoselfmerge</subfield></datafield><datafield ind1=" " ind2=" " tag="900"><subfield code="a">IDSZRMedeaZBZ</subfield><subfield code="e">IDSZRtschu</subfield></datafield></record>
</metadata></record>