<record><header><identifier>oai:alma.41SLSP_UGE:991000043029705502</identifier><datestamp>2024-04-05T00:24:05Z</datestamp><setSpec>uge_cmu_RapidILL_JOURNAL</setSpec><setSpec>uge_aobs_RapidILL_JOURNAL</setSpec><setSpec>uge_aaca_RapidILL_JOURNAL</setSpec><setSpec>uge_bcen_RapidILL_JOURNAL</setSpec><setSpec>uge_abbat_RapidILL_JOURNAL</setSpec><setSpec>uge_dbu_RapidILL_JOURNAL</setSpec><setSpec>uge_mail_RapidILL_JOURNAL</setSpec><setSpec>uge_abels_RapidILL_JOURNAL</setSpec><setSpec>UNIGE_ALL</setSpec><setSpec>uge_acar_RapidILL_JOURNAL</setSpec></header><metadata>
<record xmlns="http://www.loc.gov/MARC21/slim" xmlns:xsi="http://www.w3.org/2001/XMLSchema-instance" xsi:schemaLocation="http://www.loc.gov/MARC21/slim http://www.loc.gov/standards/marcxml/schema/MARC21slim.xsd"><leader>02277nai a2200517 c 4500</leader><controlfield tag="001">991000043029705502</controlfield><controlfield tag="005">20240404163356.0</controlfield><controlfield tag="006">s | l       |    |</controlfield><controlfield tag="008">201011d19962007sz || l|  ||| 0    |ger d</controlfield><datafield ind1=" " ind2=" " tag="020"><subfield code="a">372553490X</subfield><subfield code="c">Fr. 128.-</subfield></datafield><datafield ind1=" " ind2=" " tag="020"><subfield code="a">9783725553150</subfield><subfield code="q">Grundwerk inkl. 5 Nachlieferungen</subfield></datafield><datafield ind1=" " ind2=" " tag="020"><subfield code="a">3725553157</subfield><subfield code="q">Grundwerk inkl. 5 Nachlieferungen</subfield></datafield><datafield ind1=" " ind2=" " tag="035"><subfield code="a">(swissbib)219158312-41slsp_network</subfield></datafield><datafield ind1=" " ind2=" " tag="035"><subfield code="a">219158312</subfield><subfield code="9">ExL</subfield></datafield><datafield ind1=" " ind2=" " tag="035"><subfield code="a">(RERO)2242191-41slsp</subfield></datafield><datafield ind1=" " ind2=" " tag="035"><subfield code="a">(IDSSG)000114516HSB01</subfield></datafield><datafield ind1=" " ind2=" " tag="035"><subfield code="a">(EXLNZ-41SLSP_NETWORK)991159017059705501</subfield></datafield><datafield ind1=" " ind2=" " tag="040"><subfield code="a">RERO geubfd</subfield><subfield code="d">CH-ZuSLS</subfield></datafield><datafield ind1=" " ind2="7" tag="072"><subfield code="a">dr</subfield><subfield code="2">rero</subfield></datafield><datafield ind1="7" ind2="4" tag="082"><subfield code="a">340</subfield><subfield code="2">23sdnb</subfield></datafield><datafield ind1=" " ind2=" " tag="084"><subfield code="a">CA/CH-ZH 98 b</subfield><subfield code="2">cjurrom</subfield></datafield><datafield ind1="1" ind2=" " tag="100"><subfield code="6">880-01</subfield><subfield code="a">Donatsch, Andreas</subfield><subfield code="d">1952-....</subfield><subfield code="0">(IDREF)60980222</subfield><subfield code="4">cre</subfield></datafield><datafield ind1="1" ind2=" " tag="880"><subfield code="a">Donatsch, Andreas</subfield><subfield code="d">1952-</subfield><subfield code="6">100-01</subfield><subfield code="0">(DE-588)1063914701</subfield></datafield><datafield ind1="1" ind2="0" tag="245"><subfield code="a">Kommentar zur Strafprozessordnung des Kantons Zürich vom 4. Mai 1919</subfield><subfield code="c">von Andreas Donatsch und Niklaus Schmid</subfield></datafield><datafield ind1=" " ind2="1" tag="264"><subfield code="a">Zürich</subfield><subfield code="b">Schulthess Polygraphischer Verl.</subfield><subfield code="c">1996-2007</subfield></datafield><datafield ind1=" " ind2=" " tag="300"><subfield code="a">3 Ordner</subfield><subfield code="c">25 cm</subfield></datafield><datafield ind1=" " ind2=" " tag="336"><subfield code="b">txt</subfield><subfield code="2">rdacontent</subfield></datafield><datafield ind1=" " ind2=" " tag="337"><subfield code="b">n</subfield><subfield code="2">rdamedia</subfield></datafield><datafield ind1=" " ind2=" " tag="338"><subfield code="b">nc</subfield><subfield code="2">rdacarrier</subfield></datafield><datafield ind1=" " ind2=" " tag="500"><subfield code="a">Publication à feuillets mobiles avec mises à jour périodiques</subfield></datafield><datafield ind1=" " ind2=" " tag="500"><subfield code="a">Loseblattwerk. - Letzte Lfg. 5, 30.1.2007</subfield></datafield><datafield ind1=" " ind2=" " tag="504"><subfield code="a">Bibliogr</subfield></datafield><datafield ind1="1" ind2="7" tag="610"><subfield code="a">Kanton Zürich</subfield><subfield code="t">Strafprozessordnung</subfield><subfield code="0">(DE-588)4293685-8</subfield><subfield code="2">gnd</subfield></datafield><datafield ind1=" " ind2="7" tag="650"><subfield code="a">Strafprozess</subfield><subfield code="9">ger</subfield><subfield code="0">(RERO)jurivoc000021773ger</subfield><subfield code="2">jurivoc</subfield></datafield><datafield ind1=" " ind2="7" tag="650"><subfield code="a">kantonales Recht</subfield><subfield code="9">ger</subfield><subfield code="0">(RERO)jurivoc000012405ger</subfield><subfield code="2">jurivoc</subfield></datafield><datafield ind1=" " ind2="7" tag="650"><subfield code="a">kantonale Strafprozessordnung</subfield><subfield code="9">ger</subfield><subfield code="0">(RERO)jurivoc000012361ger</subfield><subfield code="2">jurivoc</subfield></datafield><datafield ind1=" " ind2="7" tag="650"><subfield code="a">Procédure pénale</subfield><subfield code="0">(IDREF)050575392</subfield><subfield code="2">idref</subfield></datafield><datafield ind1=" " ind2="7" tag="651"><subfield code="a">Schweiz</subfield><subfield code="9">ger</subfield><subfield code="0">(RERO)jurivoc000019912ger</subfield><subfield code="2">jurivoc</subfield></datafield><datafield ind1=" " ind2="7" tag="651"><subfield code="a">Zürich(Kanton)</subfield><subfield code="9">ger</subfield><subfield code="0">(RERO)jurivoc000027353ger</subfield><subfield code="2">jurivoc</subfield></datafield><datafield ind1=" " ind2="7" tag="651"><subfield code="a">Zurich (Suisse ; canton)</subfield><subfield code="0">(IDREF)028179420</subfield><subfield code="2">idref</subfield></datafield><datafield ind1=" " ind2="7" tag="655"><subfield code="a">Textreproduktion</subfield><subfield code="9">ger</subfield><subfield code="2">jurivoc</subfield><subfield code="0">(RERO)jurivoc000022433ger</subfield></datafield><datafield ind1=" " ind2="7" tag="655"><subfield code="a">Kommentar(Werk)</subfield><subfield code="9">ger</subfield><subfield code="2">jurivoc</subfield><subfield code="0">(RERO)jurivoc000013038ger</subfield></datafield><datafield ind1=" " ind2="7" tag="655"><subfield code="a">Manuels d'enseignement</subfield><subfield code="0">(IDREF)027446514</subfield><subfield code="2">idref</subfield></datafield><datafield ind1=" " ind2="7" tag="655"><subfield code="a">Kommentar</subfield><subfield code="2">gnd-content</subfield></datafield><datafield ind1="1" ind2=" " tag="700"><subfield code="a">Schmid, Niklaus</subfield><subfield code="c">juriste</subfield><subfield code="0">(IDREF)194105520</subfield></datafield><datafield ind1="2" ind2=" " tag="710"><subfield code="a">Kanton Zürich</subfield><subfield code="0">(DE-588)4068041-1</subfield></datafield><datafield ind1="1" ind2="2" tag="710"><subfield code="a">Zürich (Kanton)</subfield><subfield code="t">Code de procédure pénale</subfield></datafield></record>
</metadata></record>