<record><header><identifier>oai:alma.41SLSP_UGE:991000042299705502</identifier><datestamp>2024-09-09T00:05:32Z</datestamp><setSpec>uge_bcen_RapidILL_BOOK</setSpec><setSpec>uge_aaca_RapidILL_BOOK</setSpec><setSpec>uge_abels_RapidILL_BOOK</setSpec><setSpec>uge_dbu_RapidILL_BOOK</setSpec><setSpec>uge_cmu_RapidILL_BOOK</setSpec><setSpec>uge_mail_RapidILL_BOOK</setSpec><setSpec>uge_abbat_RapidILL_BOOK</setSpec><setSpec>UNIGE_ALL</setSpec><setSpec>uge_aobs_RapidILL_BOOK</setSpec><setSpec>uge_acar_RapidILL_BOOK</setSpec></header><metadata>
<record xmlns="http://www.loc.gov/MARC21/slim" xmlns:xsi="http://www.w3.org/2001/XMLSchema-instance" xsi:schemaLocation="http://www.loc.gov/MARC21/slim http://www.loc.gov/standards/marcxml/schema/MARC21slim.xsd"><leader>01150nam a2200325 c 4500</leader><controlfield tag="001">991000042299705502</controlfield><controlfield tag="005">20230130185600.0</controlfield><controlfield tag="008">000922s1990    fr ||||| |||| 00| ||fre d</controlfield><datafield ind1=" " ind2=" " tag="020"><subfield code="a">2040195653</subfield></datafield><datafield ind1=" " ind2=" " tag="035"><subfield code="a">(swissbib)08558424X-41slsp_network</subfield></datafield><datafield ind1=" " ind2=" " tag="035"><subfield code="a">08558424X</subfield><subfield code="9">ExL</subfield></datafield><datafield ind1=" " ind2=" " tag="035"><subfield code="a">(RERO)1381947-41slsp</subfield></datafield><datafield ind1=" " ind2=" " tag="035"><subfield code="a">(EXLNZ-41SLSP_NETWORK)991126096809705501</subfield></datafield><datafield ind1=" " ind2=" " tag="040"><subfield code="a">RERO frbcuc</subfield><subfield code="d">CH-ZuSLS</subfield></datafield><datafield ind1=" " ind2="7" tag="072"><subfield code="a">ba</subfield><subfield code="2">rero</subfield></datafield><datafield ind1="1" ind2=" " tag="080"><subfield code="a">7SEUR1</subfield></datafield><datafield ind1="1" ind2=" " tag="100"><subfield code="a">Grenier, Catherine</subfield><subfield code="c">historienne de l'art</subfield><subfield code="d">1960-....</subfield><subfield code="0">(IDREF)031372082</subfield><subfield code="4">cre</subfield></datafield><datafield ind1="1" ind2="0" tag="245"><subfield code="a">Seurat</subfield><subfield code="b">catalogue complet des peintures</subfield><subfield code="c">Catherine Grenier</subfield></datafield><datafield ind1=" " ind2="1" tag="264"><subfield code="a">Paris</subfield><subfield code="b">Bordas</subfield><subfield code="c">1990 (dépôt légal et cop. 1991)</subfield></datafield><datafield ind1=" " ind2=" " tag="300"><subfield code="a">159 p.</subfield><subfield code="b">ill. en noir et en coul.</subfield><subfield code="c">22 cm</subfield></datafield><datafield ind1=" " ind2=" " tag="336"><subfield code="b">txt</subfield><subfield code="2">rdacontent</subfield></datafield><datafield ind1=" " ind2=" " tag="337"><subfield code="b">n</subfield><subfield code="2">rdamedia</subfield></datafield><datafield ind1=" " ind2=" " tag="338"><subfield code="b">nc</subfield><subfield code="2">rdacarrier</subfield></datafield><datafield ind1="1" ind2=" " tag="490"><subfield code="a">Les fleurons de l'art</subfield><subfield code="v">1</subfield></datafield><datafield ind1=" " ind2=" " tag="504"><subfield code="a">Bibliogr.: p. 158-159</subfield></datafield><datafield ind1="1" ind2="7" tag="600"><subfield code="a">Seurat, Georges</subfield><subfield code="d">1859-1891</subfield><subfield code="0">(IDREF)02734293X</subfield><subfield code="2">idref</subfield></datafield><datafield ind1=" " ind2="7" tag="650"><subfield code="a">Peinture</subfield><subfield code="0">(IDREF)027244652</subfield><subfield code="2">idref</subfield></datafield><datafield ind1=" " ind2="7" tag="655"><subfield code="a">Catalogues raisonnés</subfield><subfield code="0">(IDREF)029079764</subfield><subfield code="2">idref</subfield></datafield><datafield ind1="1" ind2=" " tag="700"><subfield code="a">Seurat, Georges</subfield><subfield code="d">1859-1891</subfield><subfield code="0">(IDREF)02734293X</subfield></datafield><datafield ind1=" " ind2=" " tag="830"><subfield code="a">&lt;&lt;Les&gt;&gt; fleurons de l'art</subfield><subfield code="v">1</subfield><subfield code="w">(RERO)1381939-41slsp</subfield></datafield><datafield ind1=" " ind2=" " tag="900"><subfield code="a">REROnoselfmerge</subfield></datafield><datafield ind1=" " ind2=" " tag="993"><subfield code="a">BFLA 54933</subfield><subfield code="x">ge/ulha/a/92/129</subfield><subfield code="9">LOCAL</subfield></datafield></record>
</metadata></record>