<record><header><identifier>oai:alma.41SLSP_UGE:991000042819705502</identifier><datestamp>2023-06-26T00:14:45Z</datestamp><setSpec>UNIGE_ALL</setSpec></header><metadata>
<record xmlns="http://www.loc.gov/MARC21/slim" xmlns:xsi="http://www.w3.org/2001/XMLSchema-instance" xsi:schemaLocation="http://www.loc.gov/MARC21/slim http://www.loc.gov/standards/marcxml/schema/MARC21slim.xsd"><leader>01710ngm a2200385 c 4500</leader><controlfield tag="001">991000042819705502</controlfield><controlfield tag="005">20230625172913.0</controlfield><controlfield tag="007">vd |v||||</controlfield><controlfield tag="008">010504s2000    xxk||| |          v|eng d</controlfield><datafield ind1="5" ind2="2" tag="028"><subfield code="a">VCD0042</subfield></datafield><datafield ind1=" " ind2=" " tag="035"><subfield code="a">(swissbib)096765933-41slsp_network</subfield></datafield><datafield ind1=" " ind2=" " tag="035"><subfield code="a">096765933</subfield><subfield code="9">ExL</subfield></datafield><datafield ind1=" " ind2=" " tag="035"><subfield code="a">(RERO)R003033477-41slsp</subfield></datafield><datafield ind1=" " ind2=" " tag="035"><subfield code="a">(EXLNZ-41SLSP_NETWORK)991074017849705501</subfield></datafield><datafield ind1=" " ind2=" " tag="040"><subfield code="a">RERO geumed</subfield><subfield code="d">CH-ZuSLS</subfield></datafield><datafield ind1=" " ind2="7" tag="072"><subfield code="a">ba</subfield><subfield code="2">rero</subfield></datafield><datafield ind1="0" ind2="0" tag="245"><subfield code="a">&lt;&lt;The&gt;&gt; straight story</subfield><subfield code="c">dir. by David Lynch ; written by John Roach and Mary Sweeney ; music composed and conducted by Angelo Badalamenti ; prod. by Mary Sweeney and Neal Edelstein</subfield></datafield><datafield ind1=" " ind2="1" tag="264"><subfield code="a">London</subfield><subfield code="b">VCI Video Collection International LTD [distrib.]</subfield><subfield code="c">[2000]</subfield></datafield><datafield ind1=" " ind2="4" tag="264"><subfield code="c">© 2000</subfield></datafield><datafield ind1=" " ind2=" " tag="300"><subfield code="a">1 DVD vidéo</subfield><subfield code="b">couleur PAL</subfield></datafield><datafield ind1=" " ind2=" " tag="336"><subfield code="b">tdi</subfield><subfield code="2">rdacontent</subfield></datafield><datafield ind1=" " ind2=" " tag="337"><subfield code="b">v</subfield><subfield code="2">rdamedia</subfield></datafield><datafield ind1=" " ind2=" " tag="338"><subfield code="b">vd</subfield><subfield code="2">rdacarrier</subfield></datafield><datafield ind1=" " ind2=" " tag="500"><subfield code="a">Une co-prod. : Le Studio Canal+ - Picture Factory - FilmFour, cop. 1999</subfield></datafield><datafield ind1=" " ind2=" " tag="500"><subfield code="a">Choix de langues en Dolby Digital : Anglais. Sous-titrage : Anglais</subfield></datafield><datafield ind1=" " ind2=" " tag="500"><subfield code="a">Format: écran: 2.35:1 (Zone 2)</subfield></datafield><datafield ind1=" " ind2=" " tag="500"><subfield code="a">Données vidéo</subfield></datafield><datafield ind1=" " ind2=" " tag="508"><subfield code="a">Image Freddie Francis ; montage Mary Sweeney ; décors Jack Fisk ; costumes Patricia Norris</subfield></datafield><datafield ind1="0" ind2=" " tag="511"><subfield code="a">Interpr.: Richard Farnsworth ; Sissy Spacek ; Everett McGill ; John Farley ; Kevin P. Farley ; Jane Heitz ; Harry Dean Stanton... et al</subfield></datafield><datafield ind1=" " ind2="7" tag="655"><subfield code="a">DVD</subfield><subfield code="0">(IDREF)035108444</subfield><subfield code="2">idref</subfield></datafield><datafield ind1=" " ind2="7" tag="655"><subfield code="a">Films de fiction</subfield><subfield code="0">(IDREF)14779644X</subfield><subfield code="2">idref</subfield></datafield><datafield ind1="1" ind2=" " tag="700"><subfield code="a">Lynch, David</subfield><subfield code="c">cinéaste</subfield><subfield code="d">1946-....</subfield><subfield code="0">(IDREF)32023685</subfield></datafield><datafield ind1="1" ind2=" " tag="700"><subfield code="a">Roach, John</subfield><subfield code="0">(RERO)A003750302</subfield></datafield><datafield ind1="1" ind2=" " tag="700"><subfield code="a">Sweeney, Mary</subfield><subfield code="d">1953-....</subfield><subfield code="0">(IDREF)050731432</subfield></datafield><datafield ind1="1" ind2=" " tag="700"><subfield code="a">Badalamenti, Angelo</subfield><subfield code="d">1937-2022</subfield><subfield code="0">(IDREF)060818034</subfield></datafield><datafield ind1="1" ind2=" " tag="700"><subfield code="a">Edelstein, Neal</subfield><subfield code="0">(IDREF)085698903</subfield></datafield></record>
</metadata></record>