<record><header><identifier>oai:alma.41SLSP_UGE:991000042629705502</identifier><datestamp>2023-11-25T02:48:47Z</datestamp><setSpec>uge_bcen_RapidILL_BOOK</setSpec><setSpec>uge_aaca_RapidILL_BOOK</setSpec><setSpec>uge_abels_RapidILL_BOOK</setSpec><setSpec>uge_dbu_RapidILL_BOOK</setSpec><setSpec>uge_cmu_RapidILL_BOOK</setSpec><setSpec>uge_mail_RapidILL_BOOK</setSpec><setSpec>uge_abbat_RapidILL_BOOK</setSpec><setSpec>UNIGE_ALL</setSpec><setSpec>uge_acar_RapidILL_BOOK</setSpec><setSpec>uge_aobs_RapidILL_BOOK</setSpec></header><metadata>
<record xmlns="http://www.loc.gov/MARC21/slim" xmlns:xsi="http://www.w3.org/2001/XMLSchema-instance" xsi:schemaLocation="http://www.loc.gov/MARC21/slim http://www.loc.gov/standards/marcxml/schema/MARC21slim.xsd"><leader>02006naa a2200433 c 4500</leader><controlfield tag="001">991000042629705502</controlfield><controlfield tag="005">20230630215750.0</controlfield><controlfield tag="008">201012s1998    sz ||||| |||| 00| ||ger d</controlfield><datafield ind1=" " ind2=" " tag="035"><subfield code="a">(swissbib)236247220-41slsp_network</subfield></datafield><datafield ind1=" " ind2=" " tag="035"><subfield code="a">236247220</subfield><subfield code="9">ExL</subfield></datafield><datafield ind1=" " ind2=" " tag="035"><subfield code="a">(RERO)R241121660-41slsp</subfield></datafield><datafield ind1=" " ind2=" " tag="035"><subfield code="a">(IDSSG)000217068HSB01</subfield></datafield><datafield ind1=" " ind2=" " tag="035"><subfield code="a">(ALEX)bv80020638</subfield></datafield><datafield ind1=" " ind2=" " tag="035"><subfield code="a">(EXLNZ-41SLSP_NETWORK)991146783429705501</subfield></datafield><datafield ind1=" " ind2=" " tag="040"><subfield code="a">RERO geubfd</subfield><subfield code="d">CH-ZuSLS</subfield></datafield><datafield ind1=" " ind2=" " tag="044"><subfield code="a">sz</subfield><subfield code="c">ch-zh</subfield></datafield><datafield ind1=" " ind2="7" tag="072"><subfield code="a">dr</subfield><subfield code="2">rero</subfield></datafield><datafield ind1=" " ind2=" " tag="084"><subfield code="a">CA/CH 25 i</subfield><subfield code="2">cjurrom</subfield></datafield><datafield ind1=" " ind2=" " tag="084"><subfield code="a">CA/CE 25 i</subfield><subfield code="2">cjurrom</subfield></datafield><datafield ind1="1" ind2=" " tag="100"><subfield code="a">Drolshammer, Jens</subfield><subfield code="d">1944-....</subfield><subfield code="0">(IDREF)069307563</subfield><subfield code="4">cre</subfield></datafield><datafield ind1="1" ind2="0" tag="245"><subfield code="a">Beitritt zur Europäischen Union als Herausforderung für die schweizerische &quot;International Practice of Law&quot;?</subfield><subfield code="b">Lagebeurteilung und Thesen</subfield><subfield code="c">Jens Drolshammer, Michael Pfeifer</subfield></datafield><datafield ind1=" " ind2=" " tag="336"><subfield code="b">txt</subfield><subfield code="2">rdacontent</subfield></datafield><datafield ind1=" " ind2=" " tag="337"><subfield code="b">n</subfield><subfield code="2">rdamedia</subfield></datafield><datafield ind1=" " ind2=" " tag="338"><subfield code="b">nc</subfield><subfield code="2">rdacarrier</subfield></datafield><datafield ind1=" " ind2=" " tag="580"><subfield code="a">In: Der Beitritt der Schweiz zur Europäischen Union. - Zürich : Schulthess Polygraphischer Verlag, 1998. - S. 887-924</subfield></datafield><datafield ind1="2" ind2="7" tag="610"><subfield code="a">Union européenne</subfield><subfield code="0">(IDREF)032486324</subfield><subfield code="2">idref</subfield></datafield><datafield ind1=" " ind2="7" tag="650"><subfield code="a">EU</subfield><subfield code="9">ger</subfield><subfield code="0">(RERO)jurivoc000007616ger</subfield><subfield code="2">jurivoc</subfield></datafield><datafield ind1=" " ind2="7" tag="650"><subfield code="a">Gemeinschaftsrecht</subfield><subfield code="9">ger</subfield><subfield code="0">(RERO)jurivoc000009467ger</subfield><subfield code="2">jurivoc</subfield></datafield><datafield ind1=" " ind2="7" tag="650"><subfield code="a">Mitgliedschaft</subfield><subfield code="9">ger</subfield><subfield code="0">(RERO)jurivoc000015212ger</subfield><subfield code="2">jurivoc</subfield></datafield><datafield ind1=" " ind2="7" tag="650"><subfield code="a">EU-Beitritt</subfield><subfield code="9">ger</subfield><subfield code="0">(RERO)jurivoc000007617ger</subfield><subfield code="2">jurivoc</subfield></datafield><datafield ind1=" " ind2="7" tag="650"><subfield code="a">Rechtsanwalt</subfield><subfield code="9">ger</subfield><subfield code="0">(RERO)jurivoc000018312ger</subfield><subfield code="2">jurivoc</subfield></datafield><datafield ind1=" " ind2="7" tag="650"><subfield code="a">Wirtschaft</subfield><subfield code="9">ger</subfield><subfield code="0">(RERO)jurivoc000026671ger</subfield><subfield code="2">jurivoc</subfield></datafield><datafield ind1=" " ind2="7" tag="650"><subfield code="a">organisation professionnelle</subfield><subfield code="0">(RERO)A009962922</subfield><subfield code="2">rerovoc</subfield></datafield><datafield ind1=" " ind2="7" tag="650"><subfield code="a">Avocats</subfield><subfield code="0">(IDREF)027281000</subfield><subfield code="2">idref</subfield></datafield><datafield ind1=" " ind2="7" tag="650"><subfield code="a">Coopération internationale</subfield><subfield code="0">(IDREF)027463710</subfield><subfield code="2">idref</subfield></datafield><datafield ind1=" " ind2="7" tag="651"><subfield code="a">Schweiz</subfield><subfield code="9">ger</subfield><subfield code="0">(RERO)jurivoc000019912ger</subfield><subfield code="2">jurivoc</subfield></datafield><datafield ind1=" " ind2="7" tag="651"><subfield code="a">Suisse</subfield><subfield code="0">(IDREF)027249654</subfield><subfield code="2">idref</subfield></datafield><datafield ind1=" " ind2="7" tag="651"><subfield code="a">Europe</subfield><subfield code="x">Unité</subfield><subfield code="0">(IDREF)027495892</subfield><subfield code="2">idref</subfield></datafield><datafield ind1="1" ind2=" " tag="700"><subfield code="a">Drolshammer, Jens</subfield><subfield code="d">1944-</subfield><subfield code="0">(DE-588)121325962</subfield></datafield><datafield ind1="1" ind2=" " tag="700"><subfield code="a">Pfeifer, Michael</subfield><subfield code="0">(RERO)A003689008</subfield></datafield><datafield ind1="0" ind2=" " tag="773"><subfield code="t">Der Beitritt der Schweiz zur Europäischen Union</subfield><subfield code="g">1998</subfield><subfield code="g">S. 887-924</subfield><subfield code="w">(IDSSG)000170329HSB01</subfield></datafield></record>
</metadata></record>