<record><header><identifier>oai:alma.41SLSP_UGE:991000043049705502</identifier><datestamp>2024-04-11T00:23:42Z</datestamp><setSpec>uge_bcen_RapidILL_BOOK</setSpec><setSpec>uge_aaca_RapidILL_BOOK</setSpec><setSpec>uge_abels_RapidILL_BOOK</setSpec><setSpec>uge_dbu_RapidILL_BOOK</setSpec><setSpec>uge_cmu_RapidILL_BOOK</setSpec><setSpec>uge_mail_RapidILL_BOOK</setSpec><setSpec>uge_abbat_RapidILL_BOOK</setSpec><setSpec>UNIGE_ALL</setSpec><setSpec>uge_acar_RapidILL_BOOK</setSpec><setSpec>uge_aobs_RapidILL_BOOK</setSpec></header><metadata>
<record xmlns="http://www.loc.gov/MARC21/slim" xmlns:xsi="http://www.w3.org/2001/XMLSchema-instance" xsi:schemaLocation="http://www.loc.gov/MARC21/slim http://www.loc.gov/standards/marcxml/schema/MARC21slim.xsd"><leader>05079nam a2200901 c 4500</leader><controlfield tag="001">991000043049705502</controlfield><controlfield tag="005">20240410143611.0</controlfield><controlfield tag="008">201012s2005    ne ||||| |||| 00| ||eng d</controlfield><datafield ind1=" " ind2=" " tag="020"><subfield code="a">3725549613</subfield><subfield code="q">Schulthess</subfield><subfield code="c">CHF 180.00</subfield></datafield><datafield ind1=" " ind2=" " tag="020"><subfield code="a">904112411X</subfield><subfield code="q">Kluwer Law International</subfield></datafield><datafield ind1=" " ind2=" " tag="035"><subfield code="a">(swissbib)235982156-41slsp_network</subfield></datafield><datafield ind1=" " ind2=" " tag="035"><subfield code="a">235982156</subfield><subfield code="9">ExL</subfield></datafield><datafield ind1=" " ind2=" " tag="035"><subfield code="a">(RERO)R003848289-41slsp</subfield></datafield><datafield ind1=" " ind2=" " tag="035"><subfield code="a">(NEBIS)005015238EBI01</subfield></datafield><datafield ind1=" " ind2=" " tag="035"><subfield code="a">(IDSSG)000324168HSB01</subfield></datafield><datafield ind1=" " ind2=" " tag="035"><subfield code="a">(IDSLU)000433611ILU01</subfield></datafield><datafield ind1=" " ind2=" " tag="035"><subfield code="a">(IDSBB)003665377DSV01</subfield></datafield><datafield ind1=" " ind2=" " tag="035"><subfield code="a">(EXLNZ-41SLSP_NETWORK)991154634969705501</subfield></datafield><datafield ind1=" " ind2=" " tag="040"><subfield code="a">RERO labcue</subfield><subfield code="d">CH-ZuSLS</subfield></datafield><datafield ind1=" " ind2=" " tag="044"><subfield code="a">sz</subfield><subfield code="c">ch-zh</subfield><subfield code="a">sz</subfield><subfield code="c">ch-bs</subfield><subfield code="a">sz</subfield><subfield code="c">ch-ge</subfield></datafield><datafield ind1="0" ind2="0" tag="050"><subfield code="a">KKW1829.A312004</subfield><subfield code="b">S92 2005</subfield></datafield><datafield ind1=" " ind2="7" tag="072"><subfield code="a">dr</subfield><subfield code="2">rero</subfield></datafield><datafield ind1=" " ind2="7" tag="072"><subfield code="a">810</subfield><subfield code="2">IDS LU</subfield></datafield><datafield ind1=" " ind2="7" tag="072"><subfield code="a">rw</subfield><subfield code="2">SzZuIDS BS/BE</subfield></datafield><datafield ind1="0" ind2="4" tag="082"><subfield code="a">347.49409</subfield><subfield code="2">23</subfield></datafield><datafield ind1="0" ind2="4" tag="082"><subfield code="a">340.90494</subfield><subfield code="2">23</subfield></datafield><datafield ind1="7" ind2="4" tag="082"><subfield code="a">340</subfield><subfield code="2">23sdnb</subfield></datafield><datafield ind1=" " ind2=" " tag="084"><subfield code="a">CA/CH 29.1 b</subfield><subfield code="2">cjurrom</subfield></datafield><datafield ind1=" " ind2=" " tag="084"><subfield code="a">CA/CH 30 b</subfield><subfield code="2">cjurrom</subfield></datafield><datafield ind1=" " ind2=" " tag="084"><subfield code="a">CA/CH 29.1 g</subfield><subfield code="2">cjurrom</subfield></datafield><datafield ind1=" " ind2=" " tag="084"><subfield code="a">PT 370</subfield><subfield code="2">rvk</subfield></datafield><datafield ind1="0" ind2="0" tag="245"><subfield code="a">Swiss rules of international arbitration</subfield><subfield code="b">commentary</subfield><subfield code="c">Tobias Zuberbühler, Christoph Müller, Philipp Habegger (eds.)</subfield></datafield><datafield ind1=" " ind2="1" tag="264"><subfield code="a">[The Hague]</subfield><subfield code="b">Kluwer Law International</subfield><subfield code="a">Zürich</subfield><subfield code="a">Basel</subfield><subfield code="a">Genf</subfield><subfield code="b">Schulthess</subfield><subfield code="c">2005</subfield></datafield><datafield ind1=" " ind2=" " tag="300"><subfield code="a">XXXIII, 442 p.</subfield><subfield code="c">24 cm</subfield></datafield><datafield ind1=" " ind2=" " tag="336"><subfield code="b">txt</subfield><subfield code="2">rdacontent</subfield></datafield><datafield ind1=" " ind2=" " tag="337"><subfield code="b">n</subfield><subfield code="2">rdamedia</subfield></datafield><datafield ind1=" " ind2=" " tag="338"><subfield code="b">nc</subfield><subfield code="2">rdacarrier</subfield></datafield><datafield ind1=" " ind2=" " tag="500"><subfield code="a">Enth. auch den Text der Richtlinien</subfield></datafield><datafield ind1=" " ind2=" " tag="504"><subfield code="a">Bibliogr.</subfield></datafield><datafield ind1=" " ind2="7" tag="651"><subfield code="a">Schweiz</subfield><subfield code="0">(DE-588)4053881-3</subfield><subfield code="2">gnd</subfield></datafield><datafield ind1="0" ind2="7" tag="630"><subfield code="a">Swiss Rules of International Arbitration</subfield><subfield code="0">(DE-588)7551622-6</subfield><subfield code="2">gnd</subfield></datafield><datafield ind1=" " ind2="7" tag="650"><subfield code="a">Internationale Handelsschiedsgerichtsbarkeit</subfield><subfield code="0">(DE-588)4132605-2</subfield><subfield code="2">gnd</subfield></datafield><datafield ind1=" " ind2="7" tag="655"><subfield code="a">Kommentar</subfield><subfield code="2">gnd-content</subfield></datafield><datafield ind1=" " ind2="7" tag="655"><subfield code="a">Quelle</subfield><subfield code="2">gnd-content</subfield></datafield><datafield ind1=" " ind2="7" tag="650"><subfield code="a">Arbitrage commercial international</subfield><subfield code="0">(IDREF)027689123</subfield><subfield code="2">idref</subfield></datafield><datafield ind1=" " ind2="7" tag="650"><subfield code="a">Droit international privé</subfield><subfield code="0">(IDREF)02747433X</subfield><subfield code="2">idref</subfield></datafield><datafield ind1=" " ind2="7" tag="650"><subfield code="a">Commerce international</subfield><subfield code="0">(IDREF)028359380</subfield><subfield code="2">idref</subfield></datafield><datafield ind1=" " ind2="7" tag="651"><subfield code="a">Suisse</subfield><subfield code="0">(IDREF)027249654</subfield><subfield code="2">idref</subfield></datafield><datafield ind1=" " ind2="7" tag="655"><subfield code="a">Commentaire de texte</subfield><subfield code="0">(IDREF)27790681</subfield><subfield code="2">idref</subfield></datafield><datafield ind1=" " ind2="7" tag="650"><subfield code="a">internationale Schiedsgerichtsbarkeit</subfield><subfield code="9">ger</subfield><subfield code="0">(RERO)jurivoc000050724ger</subfield><subfield code="2">jurivoc</subfield></datafield><datafield ind1=" " ind2="7" tag="650"><subfield code="a">Schiedsreglement</subfield><subfield code="9">ger</subfield><subfield code="0">(RERO)jurivoc000019519ger</subfield><subfield code="2">jurivoc</subfield></datafield><datafield ind1=" " ind2="7" tag="650"><subfield code="a">internationale Handelskammer</subfield><subfield code="9">ger</subfield><subfield code="0">(RERO)jurivoc000011908ger</subfield><subfield code="2">jurivoc</subfield></datafield><datafield ind1=" " ind2="7" tag="650"><subfield code="a">Rechtsvereinheitlichung</subfield><subfield code="9">ger</subfield><subfield code="0">(RERO)jurivoc000018478ger</subfield><subfield code="2">jurivoc</subfield></datafield><datafield ind1=" " ind2="7" tag="651"><subfield code="a">Schweiz</subfield><subfield code="9">ger</subfield><subfield code="0">(RERO)jurivoc000019912ger</subfield><subfield code="2">jurivoc</subfield></datafield><datafield ind1=" " ind2="7" tag="655"><subfield code="a">Textreproduktion</subfield><subfield code="9">ger</subfield><subfield code="0">(RERO)jurivoc000022433ger</subfield><subfield code="2">jurivoc</subfield></datafield><datafield ind1=" " ind2="7" tag="655"><subfield code="a">Kommentar(Werk)</subfield><subfield code="9">ger</subfield><subfield code="0">(RERO)jurivoc000013038ger</subfield><subfield code="2">jurivoc</subfield></datafield><datafield ind1=" " ind2="7" tag="650"><subfield code="a">INTERNATIONALE GERICHTSBARKEIT (INTERNATIONALES RECHT)</subfield><subfield code="9">ger</subfield><subfield code="0">(ETHUDK)000055479</subfield><subfield code="2">ethudk</subfield></datafield><datafield ind1=" " ind2="7" tag="650"><subfield code="a">INTERNATIONALE HANDELSVERTRÄGE + INTERNATIONALE WIRTSCHAFTSVERTRÄGE (INTERNATIONALES RECHT)</subfield><subfield code="9">ger</subfield><subfield code="0">(ETHUDK)000011047</subfield><subfield code="2">ethudk</subfield></datafield><datafield ind1=" " ind2="7" tag="650"><subfield code="a">SCHWEIZ (MITTELEUROPA). SCHWEIZERISCHE EIDGENOSSENSCHAFT</subfield><subfield code="9">ger</subfield><subfield code="0">(ETHUDK)000004571</subfield><subfield code="2">ethudk</subfield></datafield><datafield ind1=" " ind2="7" tag="650"><subfield code="a">GESETZESKOMMENTARE</subfield><subfield code="9">ger</subfield><subfield code="0">(ETHUDK)000000130</subfield><subfield code="2">ethudk</subfield></datafield><datafield ind1="0" ind2="0" tag="630"><subfield code="a">Swiss Rules of International Arbitration</subfield></datafield><datafield ind1=" " ind2="0" tag="650"><subfield code="a">International commercial arbitration</subfield><subfield code="z">Switzerland</subfield></datafield><datafield ind1=" " ind2="0" tag="650"><subfield code="a">Conflict of laws</subfield><subfield code="x">Arbitration and award</subfield><subfield code="z">Switzerland</subfield></datafield><datafield ind1=" " ind2=" " tag="690"><subfield code="a">Arbitration; Artikel; Kommentar; Literatur; Klausel; Nachweis; Normung; Regel; Schutzmaßnahme; Auszeichnung; Kosten; Periode; Ablehnung; Ausschluss; Berechnung; Einleitung; Vergleich; Bestellung; Entscheidung; Konsolidierung; Unabhängigkeit; Verteidigung; Vertraulichkeit; Zusammensetzung; Law; Satz; Schrift</subfield><subfield code="2">idssg-J</subfield></datafield><datafield ind1=" " ind2=" " tag="690"><subfield code="a">Musterschiedsklausel; Haftungsausschluss; multi-party proceedings; Teilnahme; Zeitperiode; Einzelschiedsrichter; Schriftsatz; Anwendungsbereich</subfield><subfield code="2">idssg-J</subfield></datafield><datafield ind1=" " ind2=" " tag="690"><subfield code="a">allgemeine Bestimmung; allgemeine Literatur; anderer Grund; beschleunigtes Verfahren; einleitende Bestimmung; Schweizer Geschäft; spezifische Literatur; vorläufige Schutzmaßnahme; weitere Auszeichnung; weiterer Schriftsatz</subfield><subfield code="2">idssg-J</subfield></datafield><datafield ind1=" " ind2=" " tag="690"><subfield code="a">Abkürzung Bibliographie Allgemeine Literatur; allgemeine Bestimmungen Art.; Arbitration Kommentar Schulthess; Arbitration Kommentar Tobias Zuberbühler Christoph Müller; Kluwer Law Vorwort Liste; Philipp Habegger; Schiedsverfahren Joinder Teilnahme; spezifische Literatur Einführung; Swiss Rules of; vorläufige Schutzmassnahmen Art.; weitere Auszeichnung Art.; weitere Schriftsätze Art.</subfield><subfield code="2">idssg-J</subfield></datafield><datafield ind1=" " ind2=" " tag="691"><subfield code="e">PC 29.1 CH</subfield><subfield code="2">rzs-L1</subfield></datafield><datafield ind1=" " ind2=" " tag="691"><subfield code="e">PC 30 CH</subfield><subfield code="2">rzs-L1</subfield></datafield><datafield ind1="1" ind2=" " tag="700"><subfield code="a">Müller, Christoph</subfield><subfield code="c">juriste</subfield><subfield code="d">1969-....</subfield><subfield code="0">(IDREF)074231022</subfield></datafield><datafield ind1="1" ind2=" " tag="700"><subfield code="6">880-03</subfield><subfield code="a">Zuberbühler, Tobias</subfield><subfield code="0">(DE-588)1036743683</subfield></datafield><datafield ind1="1" ind2=" " tag="880"><subfield code="6">700-03</subfield><subfield code="a">Zuberbühler, Tobias</subfield><subfield code="d">1969-....</subfield><subfield code="0">(IDREF)103615199</subfield></datafield><datafield ind1="0" ind2="8" tag="776"><subfield code="i">Online-Ausgabe</subfield><subfield code="w">(IDSSG)000874684HSB01</subfield></datafield><datafield ind1="4" ind2=" " tag="856"><subfield code="u">https://tools.unisg.ch/url/hm00134655</subfield><subfield code="z">Inhaltsverzeichnis</subfield></datafield><datafield ind1=" " ind2=" " tag="900"><subfield code="a">IDSZ1ZH</subfield></datafield><datafield ind1=" " ind2=" " tag="900"><subfield code="a">IDSZ2zbzmon200508i</subfield><subfield code="c">IDSZ2knec</subfield><subfield code="d">IDSZ2zbzswk200508b</subfield><subfield code="e">IDSZ2bruu</subfield></datafield><datafield ind1=" " ind2=" " tag="900"><subfield code="a">IDSZ2rwimon200508l</subfield><subfield code="c">IDSZ2biss</subfield><subfield code="d">IDSZ2rwiswk200509u</subfield></datafield><datafield ind1=" " ind2=" " tag="900"><subfield code="a">IDSE5E51ANH-2006</subfield></datafield><datafield ind1=" " ind2=" " tag="949"><subfield code="a">https://tools.unisg.ch/url/hm00134655</subfield></datafield></record>
</metadata></record>