<record><header><identifier>oai:alma.41SLSP_UGE:991000042319705502</identifier><datestamp>2024-04-05T00:24:27Z</datestamp><setSpec>uge_bcen_RapidILL_BOOK</setSpec><setSpec>uge_aaca_RapidILL_BOOK</setSpec><setSpec>uge_abels_RapidILL_BOOK</setSpec><setSpec>uge_dbu_RapidILL_BOOK</setSpec><setSpec>uge_cmu_RapidILL_BOOK</setSpec><setSpec>uge_mail_RapidILL_BOOK</setSpec><setSpec>uge_abbat_RapidILL_BOOK</setSpec><setSpec>UNIGE_ALL</setSpec><setSpec>uge_aobs_RapidILL_BOOK</setSpec><setSpec>uge_acar_RapidILL_BOOK</setSpec></header><metadata>
<record xmlns="http://www.loc.gov/MARC21/slim" xmlns:xsi="http://www.w3.org/2001/XMLSchema-instance" xsi:schemaLocation="http://www.loc.gov/MARC21/slim http://www.loc.gov/standards/marcxml/schema/MARC21slim.xsd"><leader>04678nam a22006852c 4500</leader><controlfield tag="001">991000042319705502</controlfield><controlfield tag="005">20240404161535.0</controlfield><controlfield tag="008">201012s2012    ne ||||| |||| 10| ||eng d</controlfield><datafield ind1=" " ind2=" " tag="019"><subfield code="a">Notice analytique</subfield><subfield code="5">RERO/geubfd/10.2013</subfield></datafield><datafield ind1=" " ind2=" " tag="020"><subfield code="a">9012388074</subfield></datafield><datafield ind1=" " ind2=" " tag="020"><subfield code="a">9789012388078</subfield></datafield><datafield ind1=" " ind2=" " tag="035"><subfield code="a">(swissbib)243112890-41slsp_network</subfield></datafield><datafield ind1=" " ind2=" " tag="035"><subfield code="a">243112890</subfield><subfield code="9">ExL</subfield></datafield><datafield ind1=" " ind2=" " tag="035"><subfield code="a">(RERO)R007515341-41slsp</subfield></datafield><datafield ind1=" " ind2=" " tag="035"><subfield code="a">(IDSBB)005969515DSV01</subfield></datafield><datafield ind1=" " ind2=" " tag="035"><subfield code="a">(IDSSG)000557721HSB01</subfield></datafield><datafield ind1=" " ind2=" " tag="035"><subfield code="a">(OCoLC)795702930</subfield></datafield><datafield ind1=" " ind2=" " tag="035"><subfield code="a">(EXLNZ-41SLSP_NETWORK)991101830699705501</subfield></datafield><datafield ind1=" " ind2=" " tag="040"><subfield code="a">GBVCP</subfield><subfield code="d">CH-ZuSLS</subfield></datafield><datafield ind1=" " ind2="7" tag="072"><subfield code="a">dr</subfield><subfield code="2">rero</subfield></datafield><datafield ind1="7" ind2="4" tag="082"><subfield code="a">340</subfield><subfield code="2">23sdnb</subfield></datafield><datafield ind1=" " ind2=" " tag="084"><subfield code="a">A 54 e</subfield><subfield code="2">cjurrom</subfield></datafield><datafield ind1=" " ind2=" " tag="084"><subfield code="a">86.61</subfield><subfield code="2">bcl</subfield></datafield><datafield ind1="0" ind2="0" tag="245"><subfield code="a">Enterprise services</subfield><subfield code="b">subject I</subfield><subfield code="c">general reporter: Ariane Pickering ; discussion leader: Porus Kaka</subfield></datafield><datafield ind1=" " ind2="1" tag="264"><subfield code="a">The Hague</subfield><subfield code="b">Sdu Uitgevers</subfield><subfield code="c">2012</subfield></datafield><datafield ind1=" " ind2=" " tag="300"><subfield code="a">778 S.</subfield></datafield><datafield ind1=" " ind2=" " tag="336"><subfield code="b">txt</subfield><subfield code="2">rdacontent</subfield></datafield><datafield ind1=" " ind2=" " tag="337"><subfield code="b">n</subfield><subfield code="2">rdamedia</subfield></datafield><datafield ind1=" " ind2=" " tag="338"><subfield code="b">nc</subfield><subfield code="2">rdacarrier</subfield></datafield><datafield ind1="1" ind2=" " tag="490"><subfield code="a">Cahiers de droit fiscal international</subfield><subfield code="v">vol. 97a</subfield></datafield><datafield ind1=" " ind2=" " tag="500"><subfield code="a">La page de garde porte: 66th Congress of the International Fiscal Association, Boston 2012</subfield></datafield><datafield ind1=" " ind2=" " tag="504"><subfield code="a">Met lit. opg</subfield></datafield><datafield ind1="2" ind2="7" tag="610"><subfield code="a">Organisation de coopération et de développement économiques</subfield><subfield code="0">(IDREF)026396963</subfield><subfield code="2">idref</subfield></datafield><datafield ind1=" " ind2="7" tag="650"><subfield code="a">Droit fiscal (droit international)</subfield><subfield code="0">(IDREF)027741583</subfield><subfield code="2">idref</subfield></datafield><datafield ind1=" " ind2="7" tag="650"><subfield code="a">Droit comparé</subfield><subfield code="0">(IDREF)027741451</subfield><subfield code="2">idref</subfield></datafield><datafield ind1=" " ind2="7" tag="650"><subfield code="a">Services</subfield><subfield code="0">(IDREF)027480879</subfield><subfield code="2">idref</subfield></datafield><datafield ind1=" " ind2="7" tag="650"><subfield code="a">Relations fiscales intergouvernementales</subfield><subfield code="0">(IDREF)028051785</subfield><subfield code="2">idref</subfield></datafield><datafield ind1=" " ind2="7" tag="650"><subfield code="a">Entreprises</subfield><subfield code="0">(IDREF)027467473</subfield><subfield code="2">idref</subfield></datafield><datafield ind1=" " ind2="7" tag="650"><subfield code="a">Impôt sur le revenu</subfield><subfield code="0">(IDREF)027261972</subfield><subfield code="2">idref</subfield></datafield><datafield ind1=" " ind2="7" tag="650"><subfield code="a">Belastingrecht</subfield><subfield code="2">gtt</subfield></datafield><datafield ind1=" " ind2="7" tag="650"><subfield code="a">Unternehmensbezogene Dienstleistung</subfield><subfield code="0">(DE-588)4418986-2</subfield><subfield code="2">gnd</subfield></datafield><datafield ind1=" " ind2="7" tag="650"><subfield code="a">Steuerrecht</subfield><subfield code="0">(DE-588)4116614-0</subfield><subfield code="2">gnd</subfield></datafield><datafield ind1=" " ind2="7" tag="650"><subfield code="a">Rechtsvergleich</subfield><subfield code="0">(DE-588)4115712-6</subfield><subfield code="2">gnd</subfield></datafield><datafield ind1=" " ind2="7" tag="655"><subfield code="a">Actes de congrès</subfield><subfield code="0">(IDREF)02886431X</subfield><subfield code="2">idref</subfield></datafield><datafield ind1=" " ind2="7" tag="655"><subfield code="a">Landenoverzichten (vorm)</subfield><subfield code="2">gtt</subfield></datafield><datafield ind1=" " ind2="7" tag="655"><subfield code="a">Congressen (vorm)</subfield><subfield code="2">gtt</subfield></datafield><datafield ind1=" " ind2="7" tag="655"><subfield code="a">Konferenzschrift</subfield><subfield code="z">Boston, Mass.</subfield><subfield code="y">2012</subfield><subfield code="2">gnd-content</subfield></datafield><datafield ind1=" " ind2=" " tag="690"><subfield code="a">Argentina ; Austria ; Belgium ; Brazil ; India ; Colombia ; Denmark ; Finland ; Hungary ; Sri lanka ; Israel ; Italy ; Japan ; Korea ; Mexico ; Netherlands ; Norway ; Peru ; Portugal ; South africa ; Spain ; Sweden ; Switzerland ; Ukraine ; United States ; Association ; Uruguay ; Nickel alloy ; Data table ; Venezuela ; Czech Republic ; Luxembourg ; Research ; Fiscal law ; Republic ; Discussion leader ; Telecommunication network ; congress ; Seminar series</subfield><subfield code="2">idssg-J</subfield></datafield><datafield ind1=" " ind2=" " tag="690"><subfield code="a">General Reporter; Christian Wimpissinger; respective IFA; Chinese Taipei; Ten Broeke; New Zealand</subfield><subfield code="2">idssg-J</subfield></datafield><datafield ind1=" " ind2=" " tag="690"><subfield code="a">Argentina [100];  Austria [100];  Belgium [100];  Brazil [100];  India [90];  Colombia [88];  Denmark [85];  Finland [82];  Hungary [74];  Israel [65];  italy [62];  Japan [62];  Korea [57];  Mexico [48];  Netherlands [45];  Norway [42];  Peru [37];  Portugal [37];  south Africa [31];  Spain [28];  Sweden [25];  Switzerland [22];  Ukraine [20];  United_States [20]; New Zealand [16];  Uruguay [11];  Venezuela [5]; Australia [100]; Canada [60]; Chile [58]; France [48]; Germany [46]; Russia [23]; United_Kingdom [12]; America [12];  Luxembourg [6]; Chinese Taipei [4]; Gideon [3]; Carmel [0]</subfield><subfield code="2">idssg-J</subfield></datafield><datafield ind1=" " ind2=" " tag="690"><subfield code="a">CAHIERS; nternational; Pickering; Porus; Kaka; Pickenng; Alejandro; Almarza; Claudine; Devillet; Xavier; Vlem; Sergio; Andre; Rocha; Yi; WenHsu; Liselott; Yishian; Lin; Esperanza; Buitrago; Mauricio; Marin; Lenka; Fialkova; Anders; Laursen; Kirsi; Hiltunen; Daluzeau; Borbala; Kolozs; Annamaria; Koszegi; Saurav; Bhattacharya; Dhaval; Sanghavi; Klugman; Federico; Rasi; Akiyuki; Asatsuma; Kyu; Dong; Bong; Luis; Felipe; Munoz; Ricardo; Quibrera; Saldana; Monfrooij; Brendan; Trude; Steinnes; Marcial; Dzhangar; Dzhalchinov; Petr; Shivaji; Pemilla; Rendahl; Harun; Pavlo; Khodakovsky; Angharad; Jon; Aisenberg; Horjales; Rodrigo; Castillo; Cottin; Cahiers; de; Droit; CAHIERS; II; III</subfield><subfield code="2">idssg-J</subfield></datafield><datafield ind1="1" ind2=" " tag="700"><subfield code="a">Kaka, Porus</subfield><subfield code="0">(IDREF)162456328</subfield></datafield><datafield ind1="1" ind2=" " tag="700"><subfield code="a">Pickering, Ariane</subfield><subfield code="0">(RERO)A023787259</subfield></datafield><datafield ind1="2" ind2=" " tag="710"><subfield code="a">International Fiscal Association</subfield><subfield code="b">Congress</subfield><subfield code="0">(DE-588)1086257367</subfield></datafield><datafield ind1="2" ind2=" " tag="710"><subfield code="a">Association fiscale internationale</subfield><subfield code="b">Congress</subfield><subfield code="n">66</subfield><subfield code="d">2012</subfield><subfield code="c">Boston</subfield><subfield code="0">(RERO)A023807770</subfield></datafield><datafield ind1="2" ind2=" " tag="711"><subfield code="a">International Fiscal Association</subfield><subfield code="e">Congress</subfield><subfield code="0">(DE-588)109172539X</subfield></datafield><datafield ind1="4" ind2=" " tag="856"><subfield code="u">https://tools.unisg.ch/url/hm00373805</subfield><subfield code="z">Inhaltsverzeichnis</subfield></datafield><datafield ind1=" " ind2="0" tag="830"><subfield code="a">Cahiers de droit fiscal international</subfield><subfield code="v">97a</subfield><subfield code="w">(RERO)0123324-41slsp</subfield></datafield><datafield ind1=" " ind2="0" tag="830"><subfield code="a">Cahiers de droit fiscal international</subfield><subfield code="v">97a</subfield><subfield code="w">(IDSSG)000002646HSB01</subfield></datafield><datafield ind1=" " ind2="0" tag="830"><subfield code="a">Cahiers de droit fiscal international</subfield><subfield code="v">97a</subfield><subfield code="w">(IDSBB)000068990DSV01</subfield></datafield><datafield ind1=" " ind2=" " tag="949"><subfield code="a">https://tools.unisg.ch/url/hm00373805</subfield></datafield></record>
</metadata></record>