<record><header><identifier>oai:alma.41SLSP_UGE:991000042829705502</identifier><datestamp>2024-11-16T01:11:30Z</datestamp><setSpec>uge_bcen_RapidILL_BOOK</setSpec><setSpec>uge_aaca_RapidILL_BOOK</setSpec><setSpec>uge_abels_RapidILL_BOOK</setSpec><setSpec>uge_dbu_RapidILL_BOOK</setSpec><setSpec>uge_cmu_RapidILL_BOOK</setSpec><setSpec>uge_mail_RapidILL_BOOK</setSpec><setSpec>uge_abbat_RapidILL_BOOK</setSpec><setSpec>UNIGE_ALL</setSpec><setSpec>uge_aobs_RapidILL_BOOK</setSpec><setSpec>uge_acar_RapidILL_BOOK</setSpec></header><metadata>
<record xmlns="http://www.loc.gov/MARC21/slim" xmlns:xsi="http://www.w3.org/2001/XMLSchema-instance" xsi:schemaLocation="http://www.loc.gov/MARC21/slim http://www.loc.gov/standards/marcxml/schema/MARC21slim.xsd"><leader>03900nam a2200769 c 4500</leader><controlfield tag="001">991000042829705502</controlfield><controlfield tag="005">20241115111903.0</controlfield><controlfield tag="008">201011s2005    sz ||||| |||| 00| ||fre d</controlfield><datafield ind1=" " ind2=" " tag="020"><subfield code="a">2880746019</subfield><subfield code="c">fr. 59.-</subfield></datafield><datafield ind1=" " ind2=" " tag="020"><subfield code="a">9782880746018</subfield></datafield><datafield ind1="7" ind2=" " tag="024"><subfield code="a">http://catalogue.bnf.fr/ark:/12148/cb40017977f</subfield><subfield code="2">uri</subfield></datafield><datafield ind1=" " ind2=" " tag="035"><subfield code="a">(swissbib)215340078-41slsp_network</subfield></datafield><datafield ind1=" " ind2=" " tag="035"><subfield code="a">215340078</subfield><subfield code="9">ExL</subfield></datafield><datafield ind1=" " ind2=" " tag="035"><subfield code="a">(RERO)R003855519-41slsp</subfield></datafield><datafield ind1=" " ind2=" " tag="035"><subfield code="a">(NEBIS)004890776EBI01</subfield></datafield><datafield ind1=" " ind2=" " tag="035"><subfield code="a">(IDSBB)003688038DSV01</subfield></datafield><datafield ind1=" " ind2=" " tag="035"><subfield code="a">(SBT)000481181SBT01</subfield></datafield><datafield ind1=" " ind2=" " tag="035"><subfield code="a">(EXLNZ-41SLSP_NETWORK)991039446219705501</subfield></datafield><datafield ind1=" " ind2=" " tag="040"><subfield code="a">RERO geulha</subfield><subfield code="d">CH-ZuSLS</subfield></datafield><datafield ind1="1" ind2=" " tag="041"><subfield code="a">fre</subfield><subfield code="h">ger</subfield></datafield><datafield ind1=" " ind2=" " tag="044"><subfield code="a">sz</subfield><subfield code="c">ch-vd</subfield></datafield><datafield ind1=" " ind2="7" tag="072"><subfield code="a">ur</subfield><subfield code="2">rero</subfield></datafield><datafield ind1=" " ind2="7" tag="072"><subfield code="a">ac</subfield><subfield code="2">SzZuIDS BS/BE</subfield></datafield><datafield ind1=" " ind2="7" tag="072"><subfield code="a">lw</subfield><subfield code="2">SzZuIDS BS/BE</subfield></datafield><datafield ind1=" " ind2="7" tag="072"><subfield code="a">at</subfield><subfield code="2">rero</subfield></datafield><datafield ind1="1" ind2=" " tag="080"><subfield code="a">71(03)</subfield></datafield><datafield ind1="1" ind2=" " tag="100"><subfield code="6">880-01</subfield><subfield code="a">Weilacher, Udo</subfield><subfield code="d">1963-</subfield><subfield code="0">(DE-588)121325083</subfield></datafield><datafield ind1="1" ind2=" " tag="880"><subfield code="6">100-01</subfield><subfield code="a">Weilacher, Udo</subfield><subfield code="d">1963-....</subfield><subfield code="0">(IDREF)035142626</subfield><subfield code="4">cre</subfield></datafield><datafield ind1="1" ind2="0" tag="245"><subfield code="a">Guide suisse de l'architecture du paysage</subfield><subfield code="c">Udo Weilacher, Peter Wullschleger ; publ. par la Fédération suisse des architectes-paysagistes FSAP ; en collab. avec la Société d'histoire de l'art en Suisse SHAS... [et al.]</subfield></datafield><datafield ind1=" " ind2="1" tag="264"><subfield code="a">[Lausanne]</subfield><subfield code="b">Presses polytechniques et universitaires romandes</subfield><subfield code="c">[2005]</subfield></datafield><datafield ind1=" " ind2="4" tag="264"><subfield code="c">© 2005</subfield></datafield><datafield ind1=" " ind2=" " tag="300"><subfield code="a">370 p.</subfield><subfield code="b">ill. en noir et en coul.</subfield><subfield code="c">21 cm</subfield></datafield><datafield ind1=" " ind2=" " tag="336"><subfield code="b">txt</subfield><subfield code="2">rdacontent</subfield></datafield><datafield ind1=" " ind2=" " tag="337"><subfield code="b">n</subfield><subfield code="2">rdamedia</subfield></datafield><datafield ind1=" " ind2=" " tag="338"><subfield code="b">nc</subfield><subfield code="2">rdacarrier</subfield></datafield><datafield ind1=" " ind2=" " tag="500"><subfield code="a">Titolo originale: Landschaftsarchitekturführer Schweiz</subfield></datafield><datafield ind1=" " ind2=" " tag="504"><subfield code="a">Bibliogr.: p. 339-343</subfield></datafield><datafield ind1=" " ind2=" " tag="504"><subfield code="a">p. 338-343</subfield></datafield><datafield ind1="8" ind2=" " tag="520"><subfield code="a">Partie concernant le canton de Vaud (p. 68-83)</subfield><subfield code="5">RERO/labcur/08.2005/8228</subfield></datafield><datafield ind1="8" ind2=" " tag="520"><subfield code="a">Partie concernant le canton de Neuchâtel: p. 88-92</subfield><subfield code="5">RERO/necfbv/09.2005/3501</subfield></datafield><datafield ind1="8" ind2=" " tag="520"><subfield code="a">Partie concernant le canton de Genève: p. 58-68</subfield><subfield code="5">RERO/gevcjb/10.2005/6301</subfield></datafield><datafield ind1="8" ind2=" " tag="520"><subfield code="a">Partie concernant le canton du Valais: p.83-86: Jardin alpin - Champex, Clinique romande de réadaptation SUVA - Sion, Centre ville - Brigue, Palais Stockalper - Brigue, Espace Auguste Piccard - Sierre, Château Mercier Sierre</subfield><subfield code="5">RERO/vsbcvs/12.05</subfield></datafield><datafield ind1=" " ind2="7" tag="650"><subfield code="a">12e siècle-21e siècle (début)</subfield><subfield code="0">(RERO)A023147245</subfield><subfield code="2">rero</subfield></datafield><datafield ind1=" " ind2="7" tag="650"><subfield code="a">jardin paysager</subfield><subfield code="0">(RERO)A010000121</subfield><subfield code="2">rerovoc</subfield></datafield><datafield ind1=" " ind2="7" tag="650"><subfield code="a">Architecture paysagère</subfield><subfield code="0">(RERO)A027725776</subfield><subfield code="2">rero</subfield></datafield><datafield ind1=" " ind2="7" tag="650"><subfield code="a">ARCHITEKTURINVENTARE + ARCHITEKTURFÜHRER</subfield><subfield code="9">ger</subfield><subfield code="0">(ETHUDK)000035450</subfield><subfield code="2">ethudk</subfield></datafield><datafield ind1=" " ind2="7" tag="650"><subfield code="a">GESCHICHTE DER GARTEN- UND LANDSCHAFTSARCHITEKTUR</subfield><subfield code="9">ger</subfield><subfield code="0">(ETHUDK)000041661</subfield><subfield code="2">ethudk</subfield></datafield><datafield ind1=" " ind2="7" tag="650"><subfield code="a">SCHWEIZ (MITTELEUROPA). SCHWEIZERISCHE EIDGENOSSENSCHAFT</subfield><subfield code="9">ger</subfield><subfield code="0">(ETHUDK)000004571</subfield><subfield code="2">ethudk</subfield></datafield><datafield ind1=" " ind2="7" tag="650"><subfield code="a">Landschaftsplanung</subfield><subfield code="z">Schweiz</subfield><subfield code="v">Führer</subfield><subfield code="2">idsbb</subfield></datafield><datafield ind1=" " ind2="7" tag="650"><subfield code="a">Paesaggio</subfield><subfield code="x">Sistemazione</subfield><subfield code="x">Guide</subfield><subfield code="z">Svizzera</subfield><subfield code="2">sbt12</subfield></datafield><datafield ind1=" " ind2="7" tag="651"><subfield code="a">Suisse</subfield><subfield code="0">(IDREF)027249654</subfield><subfield code="2">idref</subfield></datafield><datafield ind1=" " ind2="7" tag="655"><subfield code="a">Guides pratiques</subfield><subfield code="0">(IDREF)027790045</subfield><subfield code="2">idref</subfield></datafield><datafield ind1=" " ind2=" " tag="690"><subfield code="a">112ba</subfield><subfield code="d">Städtebau, Architektur</subfield><subfield code="2">uzb-UJ</subfield></datafield><datafield ind1=" " ind2=" " tag="690"><subfield code="a">125b</subfield><subfield code="d">Ortsplanung, Örtliche Planung, Kommunale Planung, Stadtplanung</subfield><subfield code="2">uzb-UJ</subfield></datafield><datafield ind1=" " ind2=" " tag="690"><subfield code="a">212b</subfield><subfield code="d">Schweiz: Raumplanung, Regionalentwicklung</subfield><subfield code="2">uzb-UJ</subfield></datafield><datafield ind1=" " ind2=" " tag="691"><subfield code="e">712(03)(494)</subfield><subfield code="2">usi-TM</subfield></datafield><datafield ind1="1" ind2=" " tag="700"><subfield code="a">Wullschleger, Peter</subfield><subfield code="0">(IDREF)091233194</subfield></datafield><datafield ind1="2" ind2=" " tag="710"><subfield code="a">Gesellschaft für Schweizerische Kunstgeschichte</subfield><subfield code="0">(DE-588)2012417-X</subfield></datafield><datafield ind1="2" ind2=" " tag="710"><subfield code="a">Ecole d'Ingénieurs de Lullier</subfield><subfield code="0">(DE-588)1087569214</subfield></datafield><datafield ind1="2" ind2=" " tag="710"><subfield code="a">Bund Schweizer Landschaftsarchitekten und Landschaftsarchitektinnen</subfield><subfield code="0">(DE-588)5151104-6</subfield></datafield><datafield ind1="2" ind2=" " tag="710"><subfield code="a">Federazione svizzera architetti paesaggisti</subfield><subfield code="0">(SBT11)000003091</subfield></datafield><datafield ind1="2" ind2=" " tag="710"><subfield code="a">Società di storia dell'arte in Svizzera</subfield><subfield code="0">(SBT11)000006904</subfield></datafield><datafield ind1="2" ind2=" " tag="710"><subfield code="a">Fédération suisse des architectes-paysagistes</subfield><subfield code="0">(IDREF)127936815</subfield></datafield><datafield ind1="2" ind2=" " tag="710"><subfield code="a">Société d'histoire de l'art en Suisse</subfield><subfield code="0">(RERO)A000152009</subfield></datafield><datafield ind1="4" ind2="2" tag="856"><subfield code="3">Abstract / Autoreninformation</subfield><subfield code="u">https://toc.library.ethz.ch/objects/pdf/000128285_e01_2880746019_02.pdf</subfield><subfield code="q">pdf</subfield></datafield><datafield ind1=" " ind2=" " tag="900"><subfield code="a">REROnoselfmerge</subfield></datafield><datafield ind1=" " ind2=" " tag="900"><subfield code="a">IDSE5E34ANH-2005</subfield></datafield><datafield ind1=" " ind2=" " tag="900"><subfield code="a">IDSE5E61ANH-2005</subfield></datafield><datafield ind1=" " ind2=" " tag="993"><subfield code="a">BFLA 181640</subfield><subfield code="x">ge/ulha/a/05/0622</subfield><subfield code="9">LOCAL</subfield></datafield></record>
</metadata></record>