<record><header><identifier>oai:alma.41SLSP_UGE:991000042729705502</identifier><datestamp>2024-10-02T00:11:01Z</datestamp><setSpec>uge_bcen_RapidILL_BOOK</setSpec><setSpec>uge_aaca_RapidILL_BOOK</setSpec><setSpec>uge_abels_RapidILL_BOOK</setSpec><setSpec>uge_dbu_RapidILL_BOOK</setSpec><setSpec>uge_cmu_RapidILL_BOOK</setSpec><setSpec>uge_mail_RapidILL_BOOK</setSpec><setSpec>uge_abbat_RapidILL_BOOK</setSpec><setSpec>UNIGE_ALL</setSpec><setSpec>uge_aobs_RapidILL_BOOK</setSpec><setSpec>uge_acar_RapidILL_BOOK</setSpec></header><metadata>
<record xmlns="http://www.loc.gov/MARC21/slim" xmlns:xsi="http://www.w3.org/2001/XMLSchema-instance" xsi:schemaLocation="http://www.loc.gov/MARC21/slim http://www.loc.gov/standards/marcxml/schema/MARC21slim.xsd"><leader>02632nam a2200733 ca4500</leader><controlfield tag="001">991000042729705502</controlfield><controlfield tag="005">20230414054936.0</controlfield><controlfield tag="008">201011m20099999fr            00| | fre| </controlfield><datafield ind1=" " ind2=" " tag="010"><subfield code="a">2009456616</subfield></datafield><datafield ind1=" " ind2=" " tag="020"><subfield code="a">9782070197491</subfield><subfield code="q">Vol. 4</subfield></datafield><datafield ind1=" " ind2=" " tag="020"><subfield code="a">9782070124961</subfield><subfield code="q">Vol. 1</subfield></datafield><datafield ind1=" " ind2=" " tag="020"><subfield code="a">9782070135820</subfield><subfield code="q">Vol. 2</subfield></datafield><datafield ind1=" " ind2=" " tag="020"><subfield code="a">9782070146369</subfield><subfield code="q">Vol. 3</subfield></datafield><datafield ind1=" " ind2=" " tag="020"><subfield code="a">9782072802546</subfield><subfield code="q">Vol. 5</subfield></datafield><datafield ind1=" " ind2=" " tag="020"><subfield code="a">9782070146369</subfield><subfield code="c">(v. 4)</subfield></datafield><datafield ind1="7" ind2=" " tag="024"><subfield code="a">http://catalogue.bnf.fr/ark:/12148/cb414680652</subfield><subfield code="2">uri</subfield></datafield><datafield ind1=" " ind2=" " tag="035"><subfield code="a">(swissbib)225386291-41slsp_network</subfield></datafield><datafield ind1=" " ind2=" " tag="035"><subfield code="a">225386291</subfield><subfield code="9">ExL</subfield></datafield><datafield ind1=" " ind2=" " tag="035"><subfield code="a">(IDSBB)006339264DSV01</subfield></datafield><datafield ind1=" " ind2=" " tag="035"><subfield code="a">(RERO)R005029895-41slsp</subfield></datafield><datafield ind1=" " ind2=" " tag="035"><subfield code="a">(NEBIS)007282572EBI01</subfield></datafield><datafield ind1=" " ind2=" " tag="035"><subfield code="a">(OCoLC)318664596</subfield></datafield><datafield ind1=" " ind2=" " tag="035"><subfield code="a">(EXLNZ-41SLSP_NETWORK)991090341689705501</subfield></datafield><datafield ind1=" " ind2=" " tag="040"><subfield code="a">DLC</subfield><subfield code="b">ger</subfield><subfield code="e">rda</subfield><subfield code="d">CH-ZuSLS</subfield></datafield><datafield ind1=" " ind2=" " tag="050"><subfield code="a">PQ2678.E28</subfield><subfield code="b">P49 2009</subfield></datafield><datafield ind1=" " ind2="7" tag="072"><subfield code="a">fr</subfield><subfield code="2">rero</subfield></datafield><datafield ind1="0" ind2="4" tag="082"><subfield code="a">841</subfield></datafield><datafield ind1="1" ind2="4" tag="082"><subfield code="a">841.914</subfield><subfield code="2">22</subfield></datafield><datafield ind1="1" ind2="4" tag="082"><subfield code="a">840</subfield><subfield code="2">15</subfield></datafield><datafield ind1="1" ind2="4" tag="082"><subfield code="a">841</subfield><subfield code="2">14</subfield></datafield><datafield ind1=" " ind2=" " tag="084"><subfield code="a">B</subfield><subfield code="2">sdnb</subfield></datafield><datafield ind1=" " ind2=" " tag="084"><subfield code="a">IH 75480</subfield><subfield code="2">rvk</subfield></datafield><datafield ind1="1" ind2=" " tag="100"><subfield code="a">Réda, Jacques</subfield><subfield code="d">1929-2024</subfield><subfield code="0">(DE-588)119192128</subfield><subfield code="4">aut</subfield><subfield code="6">880-01</subfield></datafield><datafield ind1="1" ind2=" " tag="880"><subfield code="6">100-01</subfield><subfield code="a">Réda, Jacques</subfield><subfield code="d">1929-2024</subfield><subfield code="0">(IDREF)027697525</subfield><subfield code="4">cre</subfield></datafield><datafield ind1="1" ind2="0" tag="245"><subfield code="a">&lt;&lt;La&gt;&gt; physique amusante</subfield><subfield code="c">Jacques Réda</subfield></datafield><datafield ind1=" " ind2="1" tag="264"><subfield code="a">Paris</subfield><subfield code="b">Gallimard</subfield><subfield code="c">[2009]-</subfield></datafield><datafield ind1=" " ind2=" " tag="300"><subfield code="a">Vol. 1-</subfield></datafield><datafield ind1=" " ind2=" " tag="336"><subfield code="b">txt</subfield><subfield code="2">rdacontent</subfield></datafield><datafield ind1=" " ind2=" " tag="337"><subfield code="b">n</subfield><subfield code="2">rdamedia</subfield></datafield><datafield ind1=" " ind2=" " tag="338"><subfield code="b">nc</subfield><subfield code="2">rdacarrier</subfield></datafield><datafield ind1="0" ind2=" " tag="490"><subfield code="a">nrf</subfield></datafield><datafield ind1=" " ind2=" " tag="500"><subfield code="a">Vol. 1 ohne eigenen Titel</subfield></datafield><datafield ind1=" " ind2=" " tag="500"><subfield code="a">Tome 1 sans titre spécifique</subfield></datafield><datafield ind1="0" ind2=" " tag="505"><subfield code="a">Vol. 1. - 2009</subfield></datafield><datafield ind1="0" ind2="0" tag="505"><subfield code="g">2</subfield><subfield code="t">Lettre au physicien</subfield></datafield><datafield ind1="0" ind2="0" tag="505"><subfield code="g">3</subfield><subfield code="t">&lt;&lt;La&gt;&gt; nébuleuse du songe</subfield><subfield code="t">&lt;&lt;suivi de&gt;&gt; Voies de contournement</subfield></datafield><datafield ind1="0" ind2="0" tag="505"><subfield code="g">4</subfield><subfield code="t">&lt;&lt;Le&gt;&gt; tout, le rien et le reste</subfield></datafield><datafield ind1="0" ind2="0" tag="505"><subfield code="g">5</subfield><subfield code="t">Rythme, chaos, mythologies</subfield></datafield><datafield ind1="8" ind2=" " tag="520"><subfield code="a">Poésie</subfield><subfield code="5">RERO/necfbv/07.2015/3503</subfield></datafield><datafield ind1=" " ind2="7" tag="650"><subfield code="a">Lyrik</subfield><subfield code="2">idszbz</subfield></datafield><datafield ind1=" " ind2="7" tag="650"><subfield code="a">Französisch</subfield><subfield code="2">idszbz</subfield></datafield><datafield ind1=" " ind2="0" tag="650"><subfield code="a">French poetry</subfield><subfield code="y">21st century</subfield></datafield><datafield ind1=" " ind2="0" tag="650"><subfield code="a">Physics</subfield><subfield code="v">Poetry</subfield></datafield><datafield ind1=" " ind2="7" tag="650"><subfield code="a">Physique</subfield><subfield code="x">Poésies</subfield><subfield code="2">ram</subfield></datafield><datafield ind1=" " ind2="7" tag="655"><subfield code="a">Ausgabe</subfield><subfield code="2">idszbz</subfield></datafield><datafield ind1="1" ind2="2" tag="700"><subfield code="a">Réda, Jacques</subfield><subfield code="d">1929-</subfield><subfield code="t">&lt;&lt;La&gt;&gt; nébuleuse du songe</subfield></datafield><datafield ind1="1" ind2="2" tag="700"><subfield code="a">Réda, Jacques</subfield><subfield code="d">1929-</subfield><subfield code="t">Voies de contournement</subfield></datafield><datafield ind1="1" ind2="2" tag="700"><subfield code="a">Réda, Jacques</subfield><subfield code="d">1929-</subfield><subfield code="t">Lettre au physicien</subfield></datafield><datafield ind1="1" ind2="2" tag="700"><subfield code="a">Réda, Jacques</subfield><subfield code="d">1929-</subfield><subfield code="t">&lt;&lt;Le&gt;&gt; tout, le rien et le reste</subfield></datafield><datafield ind1="1" ind2="2" tag="700"><subfield code="a">Réda, Jacques</subfield><subfield code="d">1929-</subfield><subfield code="t">Rythme, chaos, mythologies</subfield></datafield><datafield ind1="4" ind2=" " tag="856"><subfield code="3">Titelblatt und Inhaltsverzeichnis</subfield><subfield code="u">https://toc.library.ethz.ch/objects/pdf/z01_978-2-07-012496-1_01.pdf</subfield><subfield code="q">pdf</subfield></datafield><datafield ind1=" " ind2=" " tag="900"><subfield code="a">Stoppsignal FRED</subfield><subfield code="x">19.06.2019</subfield></datafield><datafield ind1=" " ind2=" " tag="900"><subfield code="a">IDSZ2zbzmon201206f</subfield><subfield code="c">IDSZ2dome</subfield><subfield code="d">IDSZ2zbzswk201207b</subfield><subfield code="e">IDSZ2lanz</subfield></datafield><datafield ind1=" " ind2=" " tag="911"><subfield code="a">100</subfield><subfield code="a">Réda, Jacques</subfield><subfield code="d">1929-</subfield></datafield><datafield ind1=" " ind2=" " tag="949"><subfield code="a">https://toc.library.ethz.ch/objects/pdf/z01_978-2-07-012496-1_01.pdf</subfield></datafield></record>
</metadata></record>