<record><header><identifier>oai:alma.41SLSP_UGE:991000042519705502</identifier><datestamp>2023-06-28T00:18:11Z</datestamp><setSpec>uge_cmu_RapidILL_JOURNAL</setSpec><setSpec>uge_aobs_RapidILL_JOURNAL</setSpec><setSpec>uge_aaca_RapidILL_JOURNAL</setSpec><setSpec>uge_bcen_RapidILL_JOURNAL</setSpec><setSpec>uge_abbat_RapidILL_JOURNAL</setSpec><setSpec>uge_dbu_RapidILL_JOURNAL</setSpec><setSpec>uge_mail_RapidILL_JOURNAL</setSpec><setSpec>uge_abels_RapidILL_JOURNAL</setSpec><setSpec>UNIGE_ALL</setSpec><setSpec>uge_acar_RapidILL_JOURNAL</setSpec></header><metadata>
<record xmlns="http://www.loc.gov/MARC21/slim" xmlns:xsi="http://www.w3.org/2001/XMLSchema-instance" xsi:schemaLocation="http://www.loc.gov/MARC21/slim http://www.loc.gov/standards/marcxml/schema/MARC21slim.xsd"><leader>01305nas a2200325 c 4500</leader><controlfield tag="001">991000042519705502</controlfield><controlfield tag="005">20221221200433.0</controlfield><controlfield tag="008">930917d19541956it || p|  ||| 0    0eng d</controlfield><datafield ind1=" " ind2=" " tag="019"><subfield code="a">Ajout par programme du champ 130 et du code de sous-champ 245 $c</subfield><subfield code="5">SLSP/202212</subfield></datafield><datafield ind1=" " ind2=" " tag="035"><subfield code="a">(swissbib)087972425-41slsp_network</subfield></datafield><datafield ind1=" " ind2=" " tag="035"><subfield code="a">087972425</subfield><subfield code="9">ExL</subfield></datafield><datafield ind1=" " ind2=" " tag="035"><subfield code="a">(RERO)1741213-41slsp</subfield></datafield><datafield ind1=" " ind2=" " tag="035"><subfield code="a">(EXLNZ-41SLSP_NETWORK)991055840739705501</subfield></datafield><datafield ind1=" " ind2=" " tag="040"><subfield code="a">RERO geudbu</subfield><subfield code="d">CH-ZuSLS</subfield></datafield><datafield ind1=" " ind2="7" tag="072"><subfield code="a">me</subfield><subfield code="2">rero</subfield></datafield><datafield ind1="0" ind2=" " tag="130"><subfield code="a">Rendiconti</subfield><subfield code="g">National Institute of Health (États-Unis)</subfield></datafield><datafield ind1="1" ind2="0" tag="245"><subfield code="a">Rendiconti</subfield><subfield code="c">Istituto superiore di sanità</subfield></datafield><datafield ind1=" " ind2=" " tag="250"><subfield code="a">Engl. ed</subfield></datafield><datafield ind1=" " ind2="1" tag="264"><subfield code="a">Roma</subfield><subfield code="b">Fondazione Emanuele Paterno</subfield></datafield><datafield ind1=" " ind2=" " tag="300"><subfield code="c">24 cm</subfield></datafield><datafield ind1=" " ind2=" " tag="336"><subfield code="b">txt</subfield><subfield code="2">rdacontent</subfield></datafield><datafield ind1=" " ind2=" " tag="337"><subfield code="b">n</subfield><subfield code="2">rdamedia</subfield></datafield><datafield ind1=" " ind2=" " tag="338"><subfield code="b">nc</subfield><subfield code="2">rdacarrier</subfield></datafield><datafield ind1="0" ind2=" " tag="362"><subfield code="a">Vol.17(1954)-18(1956)</subfield></datafield><datafield ind1=" " ind2=" " tag="500"><subfield code="a">La publ. commence au vol. 17(1954), reprenant la numérotation de l'éd. en italien</subfield></datafield><datafield ind1=" " ind2=" " tag="580"><subfield code="a">Devient: Selected scientific papers from the Istituto superiore di sanità</subfield></datafield><datafield ind1=" " ind2=" " tag="580"><subfield code="a">A une éd. en italien : Rendiconti / Istituto superiore di sanità</subfield></datafield><datafield ind1="2" ind2=" " tag="710"><subfield code="a">National Institute of Health</subfield><subfield code="g">États-Unis</subfield><subfield code="g">1930-1948</subfield><subfield code="0">(IDREF)026488841</subfield></datafield><datafield ind1="0" ind2="0" tag="785"><subfield code="t">Selected scientific papers from the Istituto superiore di sanità</subfield></datafield><datafield ind1="0" ind2=" " tag="775"><subfield code="t">Rendiconti / Istituto superiore di sanità</subfield></datafield><datafield ind1=" " ind2=" " tag="900"><subfield code="a">REROnoselfmerge</subfield></datafield></record>
</metadata></record>