<record><header><identifier>oai:alma.41SLSP_UGE:991000042219705502</identifier><datestamp>2024-10-16T00:17:50Z</datestamp><setSpec>uge_bcen_RapidILL_BOOK</setSpec><setSpec>uge_aaca_RapidILL_BOOK</setSpec><setSpec>uge_abels_RapidILL_BOOK</setSpec><setSpec>uge_dbu_RapidILL_BOOK</setSpec><setSpec>uge_cmu_RapidILL_BOOK</setSpec><setSpec>uge_mail_RapidILL_BOOK</setSpec><setSpec>uge_abbat_RapidILL_BOOK</setSpec><setSpec>UNIGE_ALL</setSpec><setSpec>uge_aobs_RapidILL_BOOK</setSpec><setSpec>uge_acar_RapidILL_BOOK</setSpec></header><metadata>
<record xmlns="http://www.loc.gov/MARC21/slim" xmlns:xsi="http://www.w3.org/2001/XMLSchema-instance" xsi:schemaLocation="http://www.loc.gov/MARC21/slim http://www.loc.gov/standards/marcxml/schema/MARC21slim.xsd"><leader>01695nam a2200397 c 4500</leader><controlfield tag="001">991000042219705502</controlfield><controlfield tag="005">20230406202111.0</controlfield><controlfield tag="008">201011s2005    fr ||||| |||| 00| ||fre d</controlfield><datafield ind1=" " ind2=" " tag="010"><subfield code="a">2006446431</subfield></datafield><datafield ind1=" " ind2=" " tag="020"><subfield code="a">2845162944</subfield></datafield><datafield ind1="7" ind2=" " tag="024"><subfield code="a">http://catalogue.bnf.fr/ark:/12148/cb400547681</subfield><subfield code="2">uri</subfield></datafield><datafield ind1=" " ind2=" " tag="035"><subfield code="a">(swissbib)225067676-41slsp_network</subfield></datafield><datafield ind1=" " ind2=" " tag="035"><subfield code="a">225067676</subfield><subfield code="9">ExL</subfield></datafield><datafield ind1=" " ind2=" " tag="035"><subfield code="a">(RERO)R003999794-41slsp</subfield></datafield><datafield ind1=" " ind2=" " tag="035"><subfield code="a">(IDSBB)004077618DSV01</subfield></datafield><datafield ind1=" " ind2=" " tag="035"><subfield code="a">(FrPJT)JTL00169777</subfield></datafield><datafield ind1=" " ind2=" " tag="035"><subfield code="a">(EXLNZ-41SLSP_NETWORK)991008934729705501</subfield></datafield><datafield ind1=" " ind2=" " tag="040"><subfield code="a">RERO gevbpu</subfield><subfield code="d">CH-ZuSLS</subfield></datafield><datafield ind1=" " ind2=" " tag="050"><subfield code="a">PQ6327.P5</subfield><subfield code="b">N47 2005</subfield></datafield><datafield ind1=" " ind2="7" tag="072"><subfield code="a">es</subfield><subfield code="2">rero</subfield></datafield><datafield ind1=" " ind2="7" tag="072"><subfield code="a">es</subfield><subfield code="2">SzZuIDS BS/BE</subfield></datafield><datafield ind1=" " ind2=" " tag="084"><subfield code="a">IO 3555</subfield><subfield code="2">rvk</subfield></datafield><datafield ind1="1" ind2=" " tag="100"><subfield code="a">Nerlich, Michael</subfield><subfield code="d">1939-....</subfield><subfield code="0">(IDREF)028801032</subfield><subfield code="4">cre</subfield></datafield><datafield ind1="1" ind2="0" tag="245"><subfield code="a">&lt;&lt;Le&gt;&gt; Persiles décodé ou La Divine comédie de Cervantes</subfield><subfield code="c">Michael Nerlich</subfield></datafield><datafield ind1=" " ind2="1" tag="264"><subfield code="a">Clermont-Ferrand</subfield><subfield code="b">Presses universitaires Blaise Pascal</subfield><subfield code="c">2005</subfield></datafield><datafield ind1=" " ind2=" " tag="300"><subfield code="a">743 p.</subfield><subfield code="c">22 cm</subfield></datafield><datafield ind1=" " ind2=" " tag="336"><subfield code="b">txt</subfield><subfield code="2">rdacontent</subfield></datafield><datafield ind1=" " ind2=" " tag="337"><subfield code="b">n</subfield><subfield code="2">rdamedia</subfield></datafield><datafield ind1=" " ind2=" " tag="338"><subfield code="b">nc</subfield><subfield code="2">rdacarrier</subfield></datafield><datafield ind1="1" ind2=" " tag="490"><subfield code="a">Littératures</subfield></datafield><datafield ind1=" " ind2=" " tag="504"><subfield code="a">Includes bibliographical references (p. [699]-717) and index</subfield></datafield><datafield ind1="1" ind2="7" tag="600"><subfield code="a">Cervantes Saavedra, Miguel de</subfield><subfield code="d">1547-1616</subfield><subfield code="t">&lt;&lt;Los &gt;&gt;trabajos de Persiles y Sigismunda</subfield><subfield code="0">(IDREF)031088503</subfield><subfield code="2">idref</subfield></datafield><datafield ind1="1" ind2="0" tag="600"><subfield code="a">Cervantes Saavedra, Miguel de</subfield><subfield code="d">1547-1616</subfield><subfield code="t">Trabajos de Persiles y Sigismunda</subfield></datafield><datafield ind1="1" ind2="7" tag="600"><subfield code="a">Cervantes Saavedra, Miguel de</subfield><subfield code="x">&lt;&lt;Los&gt;&gt; trabajos de Persiles y Sigismunda</subfield><subfield code="2">idsbb</subfield></datafield><datafield ind1="4" ind2=" " tag="856"><subfield code="3">Inhaltsverzeichnis</subfield><subfield code="u">http://www.ub.unibas.ch/tox/HBZ/HT014700008/PDF</subfield><subfield code="q">pdf</subfield></datafield><datafield ind1=" " ind2="0" tag="830"><subfield code="a">Littératures</subfield><subfield code="p">Association des publications de la Faculté des Lettres et Sciences humaines de Clermont-Ferrand</subfield><subfield code="w">(RERO)1744495-41slsp</subfield></datafield><datafield ind1=" " ind2=" " tag="949"><subfield code="a">http://www.ub.unibas.ch/tox/HBZ/HT014700008/PDF</subfield></datafield><datafield ind1=" " ind2=" " tag="993"><subfield code="a">BFLA 188572</subfield><subfield code="x">ge/ules/a/06/124</subfield><subfield code="9">LOCAL</subfield></datafield></record>
</metadata></record>